1896 3292
151 113 271 171 xx111.
292 113 505 171 IIANNIBAL.
526 113 608 177 CAP.
628 114 678 172 Vl.
700 114 764 173 VII.
811 119 860 176 ⁴05

10 214 36 287 ·.”
56 240 147 287 unum
156 226 222 282 sotis
231 226 281 282 erit
291 225 403 291 dictum,
414 241 448 280 ex
457 241 512 296 quo
521 224 632 299 intelligi
642 226 734 297 possit,
744 234 861 298 quantus

15 304 29 377 r*
55 302 103 361 ille
116 301 210 358 luerit:
236 301 366 374 quamdiu
379 301 408 356 in
421 300 494 355 italie
506 299 567 366 luit,
580 317 659 355 ncmo
671 301 695 355 ei
708 301 736 355 in
753 303 809 356 acie
820 320 862 358 re-

10 384 28 442 t
53 379 134 443 stitit,
149 393 229 433 nemo
240 377 367 432 adversus
379 393 442 431 eum
453 384 513 448 post
524 376 689 433 Cannensem
700 393 820 452 pugnam
831 380 861 434 in

17 454 26 527 l
41 470 155 525 ¹stampe
166 460 251 507 eastra
263 452 361 524 posuit.

10 531 22 593 l
115 530 161 587 lll.
181 528 230 582 llio
246 528 363 582 invIetus
378 526 490 599 patriam
506 525 644 582 defensum
656 535 793 583 revocatus
804 528 861 583 hel-

10 600 20 684 g'
40 602 118 663 lum
134 603 219 679 gessit
234 603 362 658 adversus
378 604 409 657 Ρ.
423 602 582 674 Scipionem,
598 604 684 659 tilium
698 605 765 668 eius,
780 621 861 677 quem

53 680 118 757 ipsa
133 679 254 752 primum
271 679 344 750 apud
359 677 528 743 Rhodanum,
547 679 643 735 iterum
660 680 732 751 apud
748 680 859 746 Padum,

54 756 136 815 tertio
144 753 217 825 apud
228 754 350 808 Trebiam
360 752 505 828 fugaverat.
534 757 560 809 2.
575 754 643 810 Cum
653 755 712 820 hoc,
723 756 860 811 exhaustis

37 868 42 887 .
55 832 115 889 iam
127 830 229 903 patriae
239 828 417 894 incolentibus,
432 828 535 901 cupivit
546 829 574 884 in
586 832 793 903 praesentiarum
806 831 863 888 hel-

56 906 119 965 lum
136 922 307 976 pomponam,
325 921 380 978 quo
396 904 524 962 valentior
541 915 630 977 postea
650 908 860 980 congrederetur.

55 982 90 1041 ln
102 980 269 1053 colloquium
281 981 412 1045 convenit,
431 981 593 1036 conditiones
606 998 659 1036 non
672 991 860 1038 convenerunt.

56 1062 87 1115 ³.
103 1058 167 1113 Post
178 1055 207 1110 id
219 1054 317 1111 lactum
330 1057 421 1128 paucis
433 1055 528 1111 dichue
541 1056 612 1127 apud
624 1059 732 1112 Zamam
744 1075 807 1112 cum
819 1075 863 1113 ee-

56 1132 123 1191 dem
134 1129 267 1187 condixit:
293 1131 390 1204 pulsus
402 1131 569 1204 (inorechhile
581 1130 667 1205 dictu)
680 1132 763 1187 hiduo
774 1144 800 1187 ct
812 1132 864 1188 du-

58 1208 131 1267 abus
151 1207 275 1263 noctibus
296 1206 488 1262 Hadrumetum
510 1207 639 1279 pervenit,
663 1207 737 1279 qued
758 1208 863 1263 ahcsta

58 1285 142 1341 zena
154 1282 258 1338 eieciter
270 1282 355 1337 millia
367 1299 496 1354 passuum
509 1289 632 1337 trecenta.
671 1284 697 1338 l.
718 1283 749 1337 In
762 1282 812 1337 hec
821 1281 863 1338 lu·

59 1376 99 1447 gn
113 1357 255 1424 Numidae,
272 1358 321 1430 qui
339 1357 421 1412 simul
438 1374 501 1412 oum
518 1374 549 1412 ee
565 1374 599 1411 cx
615 1356 671 1412 acie
687 1367 860 1425 excesserant,

60 1432 181 1491 insidiati
193 1440 257 1489 sunt
273 1434 311 1502 ei;
338 1451 407 1506 quoe
424 1450 477 1488 non
494 1431 582 1488 solum
599 1432 700 1508 elingit,
720 1432 862 1490 sedetiam

60 1510 136 1585 ipsae
148 1508 287 1581 oppressit.
326 1509 480 1564 lladrumcti
493 1508 609 1581 reliquos
621 1526 655 1565 ex
667 1508 730 1583 luga
743 1510 860 1585 collegit:

59 1584 142 1643 novis
154 1584 299 1640 delectihus
310 1584 404 1656 paucis
416 1584 511 1640 dicbus
524 1585 622 1640 multos
634 1585 774 1641 contraxit.

117 1660 176 1717 Vll.
197 1658 288 1726 Quum
310 1659 339 1714 in
357 1660 508 1732 apparando
524 1661 652 1716 acerrime
668 1670 736 1715 esset
752 1678 862 1733 oocupa-

59 1744 117 1802 tue,
136 1733 367 1809 Carthaginienses
383 1735 485 1791 bellum
496 1753 558 1791 oum
571 1736 698 1791 Romanis
710 1752 864 1807 composue-

58 1816 139 1869 runt.
177 1809 225 1865 llle
237 1810 322 1865 nihilo
334 1812 421 1868 secius
433 1812 560 1866 exercitui
572 1820 661 1882 postca
674 1810 794 1882 praefuit,
810 1829 864 1867 res-

59 1902 118 1961 que
134 1884 163 1941 in
179 1884 268 1941 Africa
279 1887 361 1961 gessit
373 1904 459 1958 usqne
471 1886 505 1941 ad
518 1888 547 1941 P.
562 1885 720 1957 Sulpicium,
735 1887 766 1943 C.
779 1887 864 1943 Aure-

59 1961 132 2021 lium
145 1960 277 2017 eonsules.
314 1962 485 2018 altissona
497 1962 696 2035 magistratibus
710 1961 786 2036 legati
801 1963 865 2019 Car·

58 2036 243 2113 theginiensee
259 2037 371 2093 llemam
384 2045 525 2103 venerunt,
539 2038 587 2110 qui
599 2038 701 2094 senatui
714 2039 865 2112 populoque

60 2114 184 2171 llomano
199 2112 299 2188 gratias
315 2120 432 2187 agerent,
451 2113 524 2187 quod
540 2131 602 2169 oum
619 2113 663 2169 his
679 2132 769 2186 precem
788 2113 865 2169 lecis-

59 2196 133 2254 sent,
151 2188 186 2246 eh
201 2206 315 2262 eamque
330 2207 387 2245 rem
404 2205 498 2245 corone
515 2207 593 2245 aurea
610 2206 655 2245 eos
671 2190 808 2252 donarent,
827 2189 865 2243 si·

60 2262 177 2337 mulque
193 2272 322 2337 peterent,
346 2274 377 2320 ut
392 2265 498 2321 obsides
515 2282 607 2322 eorum
623 2265 750 2339 Fregellis
766 2270 862 2329 essent,

59 2340 218 2413 captivique
234 2339 414 2397 redderentur.
453 2344 480 2397 3.
500 2342 548 2398 llis
563 2360 598 2398 ex
618 2351 726 2397 senatus
745 2337 865 2395 consulto

60 2434 223 2490 responsum
239 2425 292 2475 est:
319 2436 419 2475 munus
438 2436 529 2475 eorum
551 2427 658 2494 gratum
676 2425 865 2488 acceptumque

60 2509 136 2561 esse;
158 2492 277 2559 eheidee,
300 2511 355 2568 quo
376 2494 433 2551 loeo
453 2506 583 2570 rogarent,
607 2494 723 2559 futuros,
747 2492 865 2565 captiuos

62 2586 121 2625 non
133 2569 299 2635 remissores,
313 2570 385 2642 quod
399 2571 582 2633 Hannibalem,
596 2569 674 2624 euius
686 2584 763 2639 opera
777 2585 866 2625 susee-

62 2654 145 2719 ptum
166 2643 266 2701 hellum
284 2644 362 2707 toret.
381 2647 599 2701 inimicissimum
616 2644 718 2698 nomini
737 2645 864 2709 llemeno,
