1896 3292
88 424 170 485 xvi.
190 418 417 483 reboemus,
437 418 520 479 CAP.
539 420 562 479 1.
581 420 620 479 11.
718 422 748 479 'it

297 620 402 678 XVI.

158 720 553 785 abhorreas.

294 860 366 918 Gar.
385 860 408 915 Ῐ.

47 995 191 1045 iterante,
212 979 388 1042 Tanarus,
408 973 496 1051 magis
510 975 656 1042 historicis,
715 984 718 989 '

47 1098 49 1113 .
60 1062 148 1109 notus.
186 1053 271 1109 Cuius
279 1051 314 1108 de
323 1050 467 1108 virtutibus
476 1049 569 1107 dubito
581 1067 636 1124 que

47 1145 176 1199 xponam,
192 1127 267 1200 quod
281 1142 384 1191 eaeor,
400 1141 447 1191 ne,
462 1124 487 1179 si
496 1124 679 1196 reaexplieare
688 1125 757 1181 inei-

59 1219 113 1257 non
126 1203 209 1258 vium
223 1201 281 1257 eius
294 1216 428 1265 enarrare,
448 1198 496 1253 sed
513 1199 651 1255 historiam
664 1199 757 1257 videar

47 1294 79 1345 e3
100 1277 124 1331 si
137 1274 320 1331 unmmnab
331 1290 453 1331 summae
463 1272 584 1346 attigero,
599 1290 633 1329 ne
642 1273 756 1329 nudibus

47 1368 99 1405 um
109 1350 271 1405 Graecarum
284 1349 376 1403 minus
389 1346 478 1403 lueida
489 1354 624 1418 appareat,
638 1355 756 1419 quantus

47 1424 86 1478 {lle
95 1424 148 1479 vir.
186 1423 278 1494 ltaque
286 1421 395 1492 utrique
408 1420 447 1475 rei
459 1436 608 1487 eburnam,
625 1428 757 1494 quantum

48 1539 55 1563 ,
66 1505 91 1552 et
99 1495 225 1551 medebor
235 1503 292 1551 tum
301 1494 428 1559 satietati,
442 1500 501 1547 tum
509 1494 672 1567 ignuantiae
680 1494 757 1551 leoto-

65 1574 93 1627 2.
113 1568 260 1625 Phoebidas
271 1565 507 1632 Lacedaemonius,
518 1584 605 1639 quum
613 1570 758 1625 eundum

47 1662 104 1699 aurn
118 1643 236 1709 deberet,
253 1644 355 1716 iterque
367 1660 414 1715 per
428 1641 532 1697 Thebas
545 1641 651 1708 iaosret,
671 1659 759 1699 arosnr

53 1759 60 1784 ,
81 1735 150 1791 quae
167 1717 280 1775 Cadme
298 1718 463 1783 nominatur,
484 1717 622 1789 occupavit
638 1717 758 1791 impulsu

47 1810 146 1849 uoorum
165 1792 363 1858 Thebanorum,
383 1792 447 1866 qui,
471 1792 635 1849 adversariae
652 1792 758 1851 hettoni

47 1867 121 1923 nitius
131 1868 291 1935 resisterent,
304 1869 441 1925 Laeonum
450 1868 531 1923 rebus
540 1867 695 1925 studebant:
716 1868 759 1924 id·

47 1960 70 1998 ιο
83 1943 199 2015 privato,
215 1960 268 2001 non
282 1942 404 2015 puhliao,
419 1941 480 1997 ieoit
493 1943 613 1999 oonsilio.
652 1948 679 2000 ³.
699 1943 758 2010 Ouo

48 2035 96 2073 um
104 2018 303 2076 Lacedaemonii
317 2018 352 2073 ab
363 2017 483 2073 exeroitn
496 2024 666 2074 removerunt
677 2034 759 2089 penu·

47 2112 53 2145 ι
71 2091 232 2148 multarunt:
256 2108 345 2165 neque
363 2109 395 2151 eo
413 2091 501 2166 magis
519 2109 606 2147 sroem
624 2092 758 2149 Thebanis

47 2174 138 2231 erunt,
153 2166 241 2240 quod,
255 2166 386 2238 wsesptis
399 2166 561 2231 inimicitiis,
580 2167 664 2221 satius
677 2166 760 2224 duee-

47 2258 71 2297 ns
81 2240 211 2308 obsideri,
227 2258 311 2313 quam
325 2240 442 2297 liberari.
480 2241 549 2296 Nam
562 2248 621 2312 post
631 2240 759 2314 Pelopon-

47 2334 60 2371 a
69 2315 170 2371 bellum
179 2314 352 2388 Adrenasque
359 2314 477 2371 daviotas
488 2332 552 2371 mam
561 2315 695 2372 Thebanis
704 2315 758 2373 sihi

48 2407 77 2445 se
85 2391 286 2456 existimabant,
300 2397 327 2447 et
339 2406 385 2445 eos
395 2404 454 2445 esse
466 2388 549 2456 solos,
566 2392 615 2462 qui
630 2390 767 2449 adversus·

47 2464 219 2522 reauderent.
257 2469 285 2522 t.
305 2464 557 2520 Haemanteamiois
570 2467 758 2521 suissummas

48 2547 91 2594 ttae
100 2539 239 2605 dederant,
254 2539 416 2611 alteriusque
424 2537 544 2596 faotionis
555 2542 759 2613 prinoipespar-

48 2612 200 2680 nrieoerant,
212 2614 278 2671 alios
287 2614 316 2670 in
325 2613 451 2670 exsilium
460 2615 602 2671 eieuerant:
618 2612 758 2685 inquibus

48 2688 153 2818 inflabit,
164 2688 198 2745 de
207 2706 262 2763 qtae
270 2690 481 2747 suibueexom
489 2706 594 2754 sumna
606 2686 702 2760 pulsus
710 2700 758 2757 pa·

48 2780 72 2817 re
106 2769 127 2817 t.

64 2837 97 2891 iii
106 2854 199 2893 omnes
208 2836 262 2893 iere
269 2836 423 2895 Atbeme
431 2836 609 2899 contulerant,
624 2849 758 2907 11011,ψο

48 2918 128 2969 entur
136 2911 233 2979 otium,
244 2911 302 2979 ssd,
313 2920 344 2969 ut
351 2930 488 2986 quemque
496 2928 530 2968 ex
539 2908 661 2984 proximo
669 2908 758 2969 loetum
