1896 3292
77 118 92 171 8
217 114 254 170 ll.
275 114 581 172 TllElllSTOCLES.
602 115 687 174 CAP.
706 118 729 176 l.

76 240 129 297 quo
139 232 269 288 versatus,
287 242 336 278 nou
349 225 485 279 videbatur
494 243 569 296 posse
582 243 638 280 csse
652 227 787 299 privatus,
802 246 878 302 prae·

76 300 165 354 sertim
177 317 260 371 quum
272 300 458 354 masuetudine
468 300 500 354 ad
512 301 614 370 imperii
625 302 796 372 cupiditatem
808 305 876 360 trabi

76 374 217 429 videretur.
252 378 277 427 3,
299 376 364 426 Nam
376 374 527 428 Chersonesi
539 392 629 429 omncs
641 375 709 439 illos,
721 395 791 448 quos
800 379 878 435 habi-

76 457 153 512 tarat,
170 465 252 503 annos
268 456 416 518 perpetuam
431 449 577 503 obtinuerat
592 449 814 518 dominationem,
835 461 878 528 ty-

76 539 230 594 rannusque
240 521 322 575 luerat
330 523 483 593 appellatus,
494 523 539 576 sed
551 523 646 578 iustus.
670 525 728 580 Non
739 528 876 583 eratenim

78 598 104 652 vi
114 604 282 659 mnsecutus,
299 596 343 650 sed
356 615 464 653 suorum
476 597 621 660 voluntate,
637 615 750 670 eamque
765 609 877 672 potesta-

77 681 129 726 tem
144 672 257 725 bonitate
271 671 405 726 retinebat.
444 672 542 726 Omnes
556 682 641 726 autem
656 683 682 726 et
702 674 835 731 habentur
852 685 878 731 et

77 746 201 800 dicuntur
212 745 324 818 tyranni,
337 747 382 816 qui
395 754 516 818 potestate
525 756 587 800 sunt
597 756 718 819 perpetua
732 748 758 803 iu
769 766 800 805 ee
810 751 877 806 civi-

77 828 140 885 tate,
161 837 229 891 quae
244 820 358 874 libertate
371 838 418 874 usa
438 829 486 875 est.
526 823 551 875 l.
572 821 623 875 Sed
643 822 669 876 in
685 823 805 880 Miltiade
822 834 877 880 erat

76 912 162 969 quum
176 912 280 948 summa
295 894 458 959 hnmanitas,
475 902 530 948 tum
546 896 611 949 mira
620 897 742 962 comitas,
758 907 790 953 ut
799 916 877 955 nemo

77 979 130 1025 tam
141 970 251 1024 humilis
265 976 344 1033 eset,
360 971 402 1023 cui
415 986 465 1024 non
476 968 508 1023 ad
518 987 579 1024 eum
589 970 676 1025 aditus
686 980 798 1042 pateret3
820 991 877 1030 ma-

76 1062 129 1120 gua
139 1045 276 1099 auctoritas
286 1043 356 1115 apud
365 1062 457 1099 omnes
466 1044 591 1108 civitatee,
603 1044 689 1100 nobile
700 1063 808 1112 nomen,
819 1047 878 1104 bus

77 1120 114 1175 rei
126 1119 246 1174 militaris
256 1120 382 1174 maxima.
419 1121 485 1173 llaec
495 1118 609 1190 populns
618 1119 770 1191 respiciens,
782 1121 879 1178 maluit

77 1212 139 1251 eum
150 1195 288 1251 innoxium
297 1194 383 1266 plecti,
394 1212 475 1267 quam
485 1211 513 1248 se
524 1194 624 1248 diutius
634 1212 690 1250 esse
700 1195 727 1251 in
739 1195 845 1254 timore.

77 1325 879 1365 ΦΜΦΜΜΜΜΜΜΜΜΜΜΜΜ

447 1437 504 1491 11.

248 1537 702 1599 THElllSTOCLES.

419 1675 490 1734 Cn.
509 1678 532 1733 1.

134 1780 380 1860 Tnnuisrocuee,
399 1795 516 1850 Ncocm
534 1811 644 1858 artace,
661 1789 879 1850 brunnum.

78 1869 165 1924 liuius
175 1870 238 1925 vitia
249 1870 363 1926 ineuntis
373 1869 557 1924 adolescentiae
566 1868 671 1941 magnis
681 1875 744 1922 sunt
752 1868 880 1924 emenda-

69 1953 104 2000 sta
115 1944 265 2010 virtutibus,
273 1945 337 2000 adeo
347 1952 375 1999 ut
384 1943 539 1999 anteferatur
549 1944 611 1997 huic
621 1959 705 2007 nemo,
713 1945 789 2014 pauci
801 1960 880 2014 pares

79 2026 213 2092 putentur.
251 2023 278 2076 2.
298 2019 392 2074 Sedah
404 2019 477 2074 initio
486 2027 525 2073 est
538 2017 704 2072 ordiendum.
735 2017 880 2072 Patereius

80 2093 187 2149 Neocles
194 2111 337 2167 generosus
347 2094 405 2149 luit.
444 2095 589 2148 lsuxorem
599 2091 879 2148 Athamanamcivem

80 2168 170 2234 duxit,
184 2185 218 2224 ex
231 2186 284 2241 qua
300 2177 376 2224 natus
385 2176 424 2223 eet
433 2165 629 2222 Themistocle.
667 2166 718 2232 Qui
729 2183 816 2238 quum
827 2165 880 2220 mi-

81 2262 132 2300 uus
143 2251 209 2299 esset
218 2243 342 2314 probatus
351 2243 513 2315 parentibus,
525 2241 597 2313 quod
606 2248 632 2296 et
641 2240 750 2295 liberius
760 2240 878 2303 vivebat,

80 2326 106 2374 et
115 2336 171 2374 rem
180 2316 334 2373 familiarem
350 2316 510 2392 negligebat,
526 2335 541 2371 a
556 2324 628 2389 patre
640 2313 814 2370 exheredatus
828 2322 879 2369 est.

81 2396 108 2449 3.
128 2392 366 2461 Quaemntmnelia
376 2410 428 2448 non
439 2391 517 2465 fregit
528 2408 603 2455 eum,
619 2389 666 2444 sed
678 2388 771 2445 erexit.
809 2389 879 2444 Nam

81 2485 166 2540 quum
177 2467 329 2531 iudicasset,
345 2467 403 2523 sine
411 2484 517 2521 summa
528 2463 656 2520 industria
670 2480 722 2519 non
732 2479 810 2551 poeee
820 2480 881 2519 eam

81 2542 224 2618 exstingui,
236 2550 318 2598 totum
327 2560 356 2598 ee
365 2542 436 2598 dedit
446 2539 612 2612 reipublicae,
623 2537 777 2611 diligentius
785 2537 882 2594 amicis

76 2614 354 2690 iamnequeeoruiene.
393 2612 778 2687 Multumiuiudieiieprivatie
792 2630 882 2670 verea-
