1896 3292
233 457 256 514 1.
276 453 496 514 ultuantes.
517 453 671 551 cluit.
690 454 725 514 V.
860 461 878 516 5

74 584 124 624 sus
138 563 255 622 Athenas
269 564 436 640 demigravit.
474 564 558 621 Cuius
572 565 636 621 ratio
650 564 698 620 etsi
712 582 765 621 non
783 563 876 633 valuit,

76 650 166 698 umen
177 658 335 716 magnopere
343 648 382 696 est
391 639 531 706 laudanda,
543 657 628 713 quum
636 640 745 696 amicior
756 641 878 698 omnium

75 716 201 781 libertati,
213 734 295 788 quam
305 733 368 771 suae
377 715 454 770 luerit
463 715 647 771 dominationi.

133 793 179 848 tv.
199 792 292 846 Darius
300 799 488 862 autem,quum
498 808 531 846 ex
541 791 644 862 Europa
656 791 682 844 in
694 787 784 844 Asiam
795 789 879 845 redis-

75 874 129 932 aet,
141 866 306 922 hortantibus
316 866 423 931 amicis,
440 873 469 920 ut
477 865 613 920 Graeciam
624 864 752 939 redigeret
762 866 788 919 in
799 882 877 921 suam

76 949 238 1014 potestatem,
250 942 361 997 classem
370 940 435 1014 quin
471 948 576 996 ntorum
586 940 696 996 navium
706 941 875 1012 comparavit,

75 1017 157 1089 eique
166 1017 249 1071 Datim
264 1015 386 1089 praefecit
398 1022 424 1071 et
455 1016 633 1087 rtaphernem;
655 1016 751 1088 hisque
764 1015 877 1071 ducenta

75 1091 210 1164 peditum,
221 1092 311 1147 decem
321 1090 403 1146 millia
413 1091 533 1164 equitum
545 1089 630 1147 dedit:
651 1108 757 1146 causam
768 1091 877 1146 interse-

76 1183 148 1232 rens,
160 1183 189 1221 se
198 1167 298 1222 bostem
307 1166 582 1232 essohtheniensibus,
593 1164 665 1239 quod
675 1183 765 1221 eorum
776 1165 877 1221 auxilio

76 1242 153 1295 lones
162 1240 255 1296 Sardes
265 1248 473 1314 expugnassent,
484 1257 586 1313 suaque
595 1241 723 1313 praesidia
734 1239 877 1296 interfecis-

75 1323 146 1370 sent.
170 1319 196 1371 2.
209 1316 248 1370 llli
259 1315 378 1388 praelecti
390 1315 465 1389 regii,
476 1313 558 1371 classe
568 1315 600 1370 ad
612 1316 743 1371 Euboeam
753 1314 874 1388 appulsa,

74 1389 194 1446 celeriter
203 1390 331 1445 Eretriam
340 1396 476 1461 oeperunt,
491 1407 635 1462 omnesaue
644 1392 702 1444 eius
710 1391 795 1464 gentis
805 1391 876 1446 cives

74 1465 200 1534 abreptos
211 1464 238 1519 in
248 1463 338 1518 Asiam
348 1463 381 1519 ad
391 1480 478 1537 regem
489 1464 627 1518 miserunt.
648 1464 711 1519 lndo
720 1464 754 1520 ad
763 1464 876 1520 Atticam

74 1546 256 1604 accesserunt,
272 1554 303 1593 ao
315 1556 377 1593 suas
390 1539 478 1610 copias
493 1536 521 1593 in
533 1554 657 1610 campum
668 1539 818 1595 Marathona
830 1539 877 1595 de·

72 1614 223 1669 duxerunt.
262 1614 287 1668 Is
300 1613 374 1668 abest
386 1613 420 1668 ab
434 1612 531 1684 oppido
544 1613 646 1668 circiter
656 1613 738 1669 millia
748 1630 876 1686 passuum

73 1689 179 1745 deoem.
218 1691 243 1743 3.
264 1689 318 1744 lloo
337 1687 451 1744 tumultu
464 1687 636 1743 Athenienses
655 1697 708 1743 tam
728 1688 876 1762 pmpinquo

74 1771 185 1835 tamque
195 1780 291 1838 magno
300 1764 423 1836 permoti,
435 1763 566 1818 auxilium
577 1781 723 1836 nusquam,
740 1764 792 1819 nisi
801 1782 817 1819 a
826 1765 877 1820 La-

73 1838 422 1911 oedaemoniis,petiverunt,
430 1838 667 1910 Phidippidemque
675 1856 808 1895 cursorem
817 1838 876 1894 eius

74 1913 190 1988 generis,
204 1914 252 1986 qui
260 1913 437 2000 ἣμεροδρόμοι
446 1920 580 1979 vocantur,
591 1913 811 1969 Lacedaemonem
824 1914 876 1968 mi·

74 1995 180 2053 serunt,
197 1996 227 2043 ut
246 1996 389 2054 nuntiaret,
408 2006 491 2060 quam
504 1987 580 2043 celeri
594 2005 662 2060 opus
679 1995 746 2044 esset
763 1988 874 2044 auxilio.

76 2065 103 2119 l.
124 2062 200 2117 Domi
214 2071 302 2118 autem
315 2070 402 2118 creant
416 2062 505 2118 decem
519 2070 660 2135 praetores,
681 2063 729 2136 qui
749 2063 875 2119 exercitui

75 2145 238 2211 praeessent,
260 2138 287 2194 in
302 2138 341 2192 eis
355 2137 508 2193 Miltiadem.
547 2139 616 2192 luter
628 2154 697 2209 quos
710 2154 806 2212 magna
825 2137 876 2193 luit

73 2211 219 2278 contentio,
235 2218 325 2268 utrum
335 2212 512 2268 moenibusse
524 2210 703 2277 defenderent,
720 2230 754 2268 an
768 2213 875 2269 obviam

75 2286 145 2343 irem
153 2286 282 2353 hostibus,
295 2287 401 2360 acieque
411 2287 586 2342 decernerent.
615 2289 642 2342 5.
661 2286 735 2342 Unus
745 2287 875 2344 Miltiades

74 2362 194 2418 maxime
205 2361 348 2428 nitebatur,
363 2369 393 2416 ut
401 2362 487 2433 primo
496 2376 603 2433 quoque
612 2367 727 2433 tempore
735 2370 818 2419 castra
828 2363 875 2418 tie·

74 2443 144 2493 ront.
184 2435 213 2491 ld
226 2436 251 2491 si
264 2435 361 2493 lactum
374 2443 453 2502 esset,
470 2444 495 2491 et
507 2436 613 2492 civibus
625 2436 746 2493 animum
755 2455 875 2494 accessu-

74 2528 146 2575 rum,
157 2528 244 2583 quum
254 2510 380 2576 viderent,
388 2511 421 2566 de
429 2528 520 2566 eorum
532 2511 626 2567 virtute
636 2529 688 2567 non
697 2511 837 2586 desperari,
849 2517 875 2566 et

74 2586 164 2642 hostes
172 2584 264 2641 eedem
274 2603 301 2641 re
310 2585 364 2641 lore
374 2586 510 2652 tardiores,
524 2586 548 2641 si
564 2586 811 2652 animadverterent,
826 2602 874 2640 au·

72 2660 132 2717 deri
141 2658 307 2716 adversusse
316 2668 368 2715 tarn
378 2661 483 2735 exiguis
492 2661 574 2733 oopiis
584 2661 718 2717 dimicare.

130 2735 164 2792 V.
184 2736 239 2791 lloc
252 2734 280 2790 in
295 2742 410 2806 tempore
424 2735 497 2792 nulla
509 2736 602 2791 civitas
611 2733 817 2791 Atheniensibus
826 2748 874 2787 au·

72 2808 140 2867 stilio
149 2808 491 2881 luitpraeterl’lateeenses.
529 2811 567 2866 Ea
577 2810 650 2866 mille
663 2808 737 2864 misit
745 2805 871 2863 militum.

72 2886 167 2959 ltaque
179 2884 276 2939 borum
289 2881 405 2941 adventu
417 2884 508 2941 decem
521 2884 604 2940 millia
623 2889 783 2939 armatorum
802 2897 874 2937 eom·

71 2958 143 3035 pieta
154 2964 234 3017 sunt:
253 2974 323 3033 quae
340 2976 438 3016 manus
456 2956 578 3018 mirabili
594 2957 730 3036 merebat
744 2953 900 3031 unguentis
