1896 3292
74 177 90 226 2
267 175 289 228 1.
309 170 528 229 MILTIADES.
548 169 630 227 CAP.
650 173 672 228 1.

74 281 178 347 deeora,
194 299 263 354 quae
276 282 347 354 apud
361 280 419 335 illos
434 280 519 351 turpia
529 286 664 350 putentur.
703 279 791 347 Quem
801 283 872 338 enim

75 357 252 412 Romanorum
262 357 354 429 pudet,
371 372 479 410 uxorem
490 355 583 408 ducere
597 354 625 408 in
635 355 810 411 convivium?
829 369 873 413 sut

74 431 151 486 ouius
165 450 219 487 non
233 430 427 487 materfamilias
441 430 557 501 primum
571 427 657 482 looum
671 437 741 485 tenet
753 431 870 498 sedium,

74 514 153 578 atque
163 506 191 560 in
201 504 348 561 oelebritato
358 502 492 561 versatur?
528 505 555 557 7.
575 502 651 569 Quod
661 504 786 560 multofit
798 506 872 562 aliter

75 580 104 635 in
113 581 231 636 Graecia.
269 582 337 636 Nam
347 597 432 652 neque
442 580 470 632 in
482 577 634 633 oonvivium
648 578 804 647 adhibetur,
820 582 871 637 nisi

74 655 296 728 propinquorum
318 672 404 728 neque
412 653 497 718 sedet,
512 651 565 707 nisi
577 651 605 706 in
617 653 737 708 interiore
745 663 821 726 porte
830 674 872 712 ee·

31 753 33 757 ¹
74 730 163 795 dium,
175 747 244 802 quae
252 734 432 805 γυναικωνῖτις
441 724 598 799 appellatur,
610 744 664 799 quo
673 745 751 784 nemo
760 730 870 796 eooedit,

75 804 127 858 nisi
136 805 285 877 propinqua
295 802 619 878 oognstioneooniunotus.
642 806 667 856 8.
679 801 730 856 Sed
740 802 786 858 hio
793 804 871 877 plura

75 878 197 951 persequi
207 887 264 933 tum
274 878 427 952 magnitudo
438 876 580 933 voluminis
590 876 719 947 prohibet,
730 885 790 933 tum
798 879 872 934 festi-

75 953 158 1019 natio,
178 961 208 1008 ut
222 971 251 1008 ee
265 954 407 1026 explicem,
422 969 491 1024 quse
505 968 614 1005 exorsus
627 969 699 1005 sum.
737 951 826 1019 Quare
838 954 872 1010 ad

75 1028 237 1099 propositum
251 1029 402 1093 veniemus,
423 1036 448 1081 et
465 1027 492 1080 in
507 1025 557 1080 hoo
569 1042 732 1096 exponemus
751 1026 822 1084 libro
839 1029 872 1084 de

75 1102 322 1159 vitnexoellentium
331 1105 528 1174 Imperatorum.

454 1344 486 1397 l.

278 1424 662 1508 uinrrnnhs

415 1584 485 1640 Cen.
504 1585 526 1638 1.

128 1689 321 1766 Minnione,
351 1700 480 1756 enom
506 1718 619 1765 ninius,
649 1698 869 1766 diuturnus,

73 1794 160 1850 quum
169 1785 195 1832 et
203 1776 357 1849 antiquitate
364 1777 481 1849 generis,
497 1783 523 1830 et
530 1774 612 1848 glorie
626 1774 770 1840 maiorum,
785 1781 813 1829 et
821 1792 870 1830 sus

73 1851 200 1908 modestia
209 1869 281 1907 unus
289 1850 410 1907 omnium
419 1851 535 1906 maxime
544 1849 741 1921 {brumaque
750 1856 870 1904 essetne·

73 1934 139 1993 tete,
155 1936 185 1983 ut
197 1927 251 1983 iem
264 1943 317 1982 non
330 1924 417 1981 solum
431 1926 464 1981 de
478 1944 509 1981 eo
522 1925 588 1980 bene
600 1940 717 1996 sperare,
734 1923 782 1979 sed
790 1925 869 1979 etiem

73 2001 203 2058 oonfldere
220 2002 292 2058 cives
310 2009 416 2074 possent
434 2002 491 2067 sui,
511 1999 589 2056 telem
609 1999 741 2064 summm,
761 1997 870 2071 quietem

73 2077 209 2151 oognitum
222 2076 386 2133 iudicarunt:
406 2077 513 2142 aedidit,
530 2083 560 2131 ut
572 2073 745 2130 Athenienses
758 2072 871 2128 Cherso-

73 2169 168 2208 nesum
178 2150 282 2208 oolonos
293 2151 390 2208 vellent
398 2153 509 2207 mittere.
538 2154 565 2208 2.
576 2149 660 2206 Cuius
669 2146 773 2237 generi·
781 2164 870 2220 quum

72 2243 187 2301 mugnus
197 2244 324 2283 numerus
332 2234 412 2293 esset,
427 2235 453 2283 et
461 2225 538 2282 multi
547 2225 605 2281 eius
614 2221 810 2300 demigrationis
822 2238 871 2294 pe

72 2310 157 2358 terent
173 2302 333 2358 societatem:
353 2319 388 2357 ex
400 2301 444 2357 his
461 2301 552 2357 delenti
566 2299 679 2371 Delphos
695 2296 870 2354 deliberatum

73 2377 148 2433 missi
160 2385 230 2441 sunt,
241 2377 290 2450 qui
299 2375 625 2448 oonsulerenthpollinem,
637 2390 691 2447 quo
699 2370 870 2446 potissimum

72 2454 140 2509 duoe
149 2459 293 2508 uterentur.
331 2447 871 2525 NumquetumThraoeseesregioneste-

72 2528 183 2594 nebant,
200 2543 263 2582 oum
277 2526 377 2600 quibus
392 2524 737 2582 ermiserotdimioendum.
775 2525 803 2579 θ.
821 2521 870 2577 uis

71 2600 270 2658 oonsulentibus
281 2600 532 2675 nominatiml’ythie
542 2599 679 2671 proooepit,
690 2594 870 2655 utfliitisdem

72 2676 126 2734 sibi
144 2677 326 2751 imperatorem
344 2683 491 2732 sumerent:
521 2674 590 2731 idei
609 2674 743 2740 iecissent,
767 2673 869 2746 inoepto
