1906 3066
79 198 112 253 et
251 192 332 251 xlv.
351 194 544 251 DATAHES.
564 194 648 253 CAP.
668 194 701 253 V.

78 320 127 359 sua
140 301 216 370 iude,
231 302 288 359 dies
296 310 437 376 noctesque
449 302 497 358 iter
506 301 617 370 iaciens,
633 304 751 359 Taurum
762 305 875 371 mansiit.

78 396 175 452 eoque,
191 377 402 451 quostarduerat,
418 378 502 447 venit;
523 377 639 450 quaerit,
654 377 756 509 Tritum
769 377 875 437 looiasit

79 453 171 527 Aspim
181 454 322 528 eognosoit
333 452 404 509 haud
414 451 491 528 longe
497 452 598 520 abesse,
608 470 657 525 pro
667 461 875 527 eotumqueeun

80 536 214 585 venatum.
252 527 336 595 Quem
346 527 413 585 dum
422 526 579 601 spondam,
591 528 722 585 adventus
730 528 790 585 eius
798 546 874 587 mura

78 603 254 678 eognosoitur.
286 602 397 670 Pisidas,
407 620 470 659 oum
479 603 522 668 iis,
533 620 601 677 quos
609 620 701 660 seeum
710 602 834 671 habebat,
843 602 874 661 ad

78 676 254 735 resistendum
266 676 346 751 Aspis
358 686 500 751 comparat
536 680 564 735 5.
585 678 615 734 ld
628 680 748 735 Datames
767 679 816 735 ubi
829 696 875 737 au·

78 752 155 819 uvir,
166 770 239 809 arma
247 754 329 825 rapit3
345 771 407 810 suos
416 753 492 827 sequi
503 752 588 809 iubet:
608 754 665 827 ipae
674 770 743 826 equo
751 754 875 811 oonoittu

78 827 113 883 ad
121 827 223 883 hostem
231 828 346 883 vehitur.
383 827 469 895 Quem
478 827 568 902 procul
578 827 658 902 Aspis
669 826 873 901 oonspioiensad

78 919 108 957 ee
121 900 258 967 terentem,
273 902 442 975 pertimescit,
458 912 664 976 ntrueaoonatu
678 903 819 961 resistendi
831 902 874 961 de·

80 980 184 1033 territus
195 994 253 1033 sese
266 976 346 1034 dedrt.
385 979 462 1035 Hune
474 980 592 1037 muman
606 980 726 1037 vinetum
739 978 776 1035 ad
788 994 874 1055 regn

78 1050 230 1107 duoendum
239 1051 316 1107 tradit
324 1052 478 1109 Mithridati.

134 1126 167 1183 V.
186 1128 255 1183 uaso
266 1125 332 1183 dum
344 1136 486 1202 geruntur,
501 1126 671 1216 Artaxerxes,
692 1128 872 1196 reminm

79 1201 874 1351 turmam

78 1352 149 1409 Aoeu
158 1355 244 1418 misit.
259 1351 333 1426 quod
341 1353 460 1409 nondum
470 1352 748 1425 Datamemproseotum
755 1354 873 1426 putabet.

78 1427 126 1500 qui
139 1428 164 1483 ei
177 1427 286 1494 dioeret‚
301 1444 336 1485 ne
348 1427 383 1483 ab
395 1428 512 1483 exercitu
519 1427 670 1483 duoederet.
709 1429 772 1495 Hie,
788 1428 875 1503 prim·

79 1519 160 1574 quam
170 1502 324 1574 perveniret,
334 1514 451 1575 quoerat
517 1510 597 1568 ectus.
605 1502 632 1558 in
642 1502 733 1559 itinere
741 1504 873 1571 nonum&

78 1577 127 1648 qui
135 1575 229 1650 Aspim
238 1577 377 1633 dueebant.
405 1580 433 1635 t.
519 1576 646 1633 eeleritate
654 1595 741 1651 quum
749 1596 875 1655 magum

78 1651 284 1708 benevolentiam
294 1652 364 1727 regis
372 1653 492 1707 Datames
501 1660 655 1709 oonaeoutus
663 1662 744 1720 esset,
759 1672 816 1713 nou
824 1654 875 1711 mi·

79 1743 169 1783 norem
183 1726 313 1785 invidiam
326 1725 472 1783 aulioorum
484 1729 599 1799 excepit,
614 1726 688 1801 quod
701 1727 780 1785 illum
788 1746 875 1787 unum

77 1801 172 1874 pluris,
182 1819 412 1875 quamaeomnos,
423 1802 480 1857 tieri
490 1802 624 1859 videbant.
642 1802 703 1871 Quo
711 1802 873 1861 iaotoountti

76 1875 186 1933 adeum
198 1875 402 1949 opprimandum
414 1884 611 1934 oonseneerunt.
649 1881 677 1935 3.
696 1878 766 1935 Haeo
773 1878 875 1937 Panth-

77 1962 129 2015 tes.
143 1968 224 2024 gazae
235 1959 324 2007 mutos
337 1951 436 2027 regiae,
450 1952 552 2008 amiotus
564 1952 679 2018 Datami,
694 1954 793 2026 peremi
850 1952 873 2011 α’

77 2024 168 2091 mittit,
184 2025 212 2081 in
226 2027 328 2099 quihus
340 2025 427 2084 dooet:
446 2044 509 2083 eum
523 2044 620 2100 magno
633 2026 687 2082 iore
699 2029 755 2100 pari
822 2070 831 2096 ‚
850 2026 874 2085 ai

76 2094 144 2171 quid
158 2098 203 2156 illo
217 2100 361 2173 imperante
372 2101 400 2159 in
413 2100 533 2177 Aegypto
544 2101 647 2158 adversi
662 2104 808 2160 aooidiaset.
846 2104 873 2161 t.

77 2175 198 2247 Namque
209 2192 269 2231 earn
277 2194 335 2232 esso
344 2175 559 2233 consuetudinem
573 2176 687 2251 regiam,
701 2187 732 2233 ut
740 2176 876 2235 oesusud·

77 2265 167 2305 versos
175 2248 329 2305 hominibus
339 2251 598 2317 tribuantaeeundos
606 2251 810 2311 iormnaeeuaer
820 2270 876 2327 quo

77 2322 144 2388 fieri,
154 2330 185 2379 ut
193 2322 268 2379 troile
277 2324 445 2396 impellantur
453 2325 589 2383 eduorum
597 2327 748 2398 perniciem,
758 2344 875 2400 quorun

77 2397 158 2455 duotu
171 2414 214 2453 res
227 2397 296 2454 male
307 2408 396 2473 gestae
409 2401 572 2458 nuntientur.
611 2401 691 2458 Ilium
708 2401 760 2457 hoo
777 2403 876 2461 maim

75 2470 131 2529 iore
139 2473 168 2529 in
177 2472 343 2540 diminutae,
358 2474 445 2546 quod,
459 2476 561 2547 quibus
575 2494 621 2532 rex
636 2476 874 2541 maximeobedint.

75 2547 438 2607 eoshebeatinimioissimoe.
465 2552 493 2607 5.
513 2549 877 2627 Talibusiitelitterisoogni-

76 2622 123 2688 tia,
139 2640 226 2697 quum
240 2623 293 2681 iam
306 2622 340 2679 ad
353 2624 497 2681 exereitum
506 2624 577 2683 doen
590 2627 716 2691 veniasu.
733 2627 809 2699 quod
822 2644 876 2683 non

76 2698 226 2771 ignorabat,
241 2715 272 2755 aa
282 2701 460 2773 veremipta,
474 2699 618 2759 descitum
630 2718 645 2756 a
659 2700 876 2775 regeoonotittdt.
