1896 3292
99 167 114 218 l
280 167 301 221 1.
322 165 540 222 hllLTlADES.
560 166 642 222 ChP.
662 166 716 222 lll.

99 273 183 337 sulas,
203 292 272 346 quae
286 274 412 348 Cyclades
426 276 609 340 nominantur,
629 276 681 330 suh
694 274 899 331 Atheniensium

100 349 199 422 redegit
208 359 368 420 pmtestatem.

154 426 198 478 lll.
219 424 326 479 Eisdem
342 425 504 495 temporibus
518 427 654 479 Persarum
674 442 719 478 rex
734 424 844 491 Darius,
865 442 900 481 ex

98 499 161 553 Asia
175 498 203 553 in
212 499 344 570 Europam
357 500 472 554 exercitu
489 500 605 563 traiecto,
620 499 726 571 Scythis
740 499 843 553 bellum
857 499 900 555 iu·

98 573 166 629 serre
177 573 301 628 decrevit.
340 576 446 629 Pontem
461 573 520 628 iecit
533 575 561 629 in
572 576 636 628 lstro
649 573 772 637 flumine,
786 591 842 646 qua
856 591 900 630 oo-

99 649 157 720 pias
167 646 320 703 traduoeret.
357 649 424 703 Eius
433 650 533 721 pontis,
544 649 610 703 dum
620 648 676 720 ipse
685 649 796 713 altesset,
809 657 900 704 custo·

99 724 145 778 des
160 721 267 794 reliquit
280 724 425 795 principes,
440 741 509 795 quos
521 741 611 778 seeum
623 740 657 778 ex
672 724 743 777 lonia
756 730 782 776 et
791 721 899 777 Aeolide

98 798 223 865 duxerat,
235 798 335 869 quibus
346 798 461 871 singulis
472 799 589 869 ipsarum
598 798 706 852 urbium
717 804 843 868 perpetua
853 797 899 852 de·

99 873 172 927 derat
180 872 300 943 imperia.
337 876 365 930 2.
385 873 429 928 Sio
437 874 508 927 enim
519 871 642 927 iaoillime
650 872 752 944 putarit
761 889 791 925 se
799 871 899 927 Graeott

100 947 190 1021 lingua
202 946 349 1019 loquentes,
366 948 414 1019 qui
425 942 514 1002 hsiam
526 947 677 1012 inoolerent,
692 946 745 1001 sub
753 964 802 1000 sua
812 955 899 1001 reten-

99 1034 189 1077 turum
201 1030 337 1093 potestate,
352 1023 376 1076 si
386 1023 478 1077 amieis
492 1023 549 1077 suis
561 1021 657 1094 oppida
667 1020 763 1076 tuenda
772 1020 899 1075 tradidis-

98 1104 150 1161 set,
162 1097 275 1169 quibus,
291 1114 465 1168 seoppresso,
483 1096 556 1152 nulla
565 1115 625 1167 spes
634 1095 727 1150 salutis
735 1094 899 1167 relinquere-

99 1182 152 1227 tur.
184 1174 215 1227 ln
226 1172 275 1227 hoo
284 1171 334 1226 luit
345 1169 421 1248 [tum]
433 1190 543 1228 numero
552 1171 689 1234 Miltiades,
700 1171 744 1225 oui
755 1169 800 1224 illa
809 1180 899 1226 custo-

99 1247 143 1301 dia
156 1246 313 1303 crederetur.
352 1251 379 1302 3.
399 1248 447 1302 llic
460 1265 545 1321 quum
559 1246 642 1301 crebri
657 1246 778 1300 afferrent
796 1245 896 1311 nuntii,

100 1321 168 1377 male
177 1340 233 1377 rem
243 1340 332 1397 gerere
343 1323 463 1386 Darium,
480 1323 617 1394 premique
626 1321 659 1375 ah
669 1321 788 1394 Scythis,
799 1319 899 1375 Miltia·

99 1397 145 1453 dos
153 1397 271 1453 hortatus
283 1407 322 1452 est
331 1402 418 1469 pontis
427 1396 559 1461 custodes,
576 1414 632 1451 nea
644 1394 745 1450 lortuna
756 1394 845 1449 datam
854 1412 899 1450 oo·

98 1473 229 1528 casionem
245 1471 393 1527 liberandae
402 1471 524 1526 Graeciae
537 1471 705 1526 dimitterent.
744 1472 769 1525 l.
790 1469 897 1524 Namsi

99 1546 213 1601 oumhis
227 1546 323 1618 oopiis,
338 1563 406 1617 quas
416 1563 504 1600 seeum
520 1554 750 1618 transportaverat,
766 1545 899 1600 interisset
931 1568 935 1579 =

98 1622 207 1686 Darius,
224 1638 276 1676 non
287 1618 373 1675 solum
382 1621 514 1693 Europam
525 1620 578 1676 lore
588 1629 685 1686 tutam,
696 1619 830 1674 sedetiam
841 1637 896 1686 eos,

98 1696 146 1768 qui
157 1694 248 1751 haiam
257 1694 397 1751 inoolerent
407 1695 497 1750 Graeci
507 1713 615 1769 genere,
627 1695 722 1751 liberos
731 1713 746 1749 a
756 1696 898 1771 Persarum

98 1769 200 1826 futuros
210 1770 386 1826 dominatione
395 1781 420 1825 et
429 1771 554 1843 periculo.
575 1771 604 1825 ld
613 1779 639 1825 et
647 1769 722 1825 laoile
730 1769 798 1824 ellici
807 1786 897 1840 posse.

99 1847 179 1901 Ponte
187 1845 259 1901 enim
269 1847 391 1911 rescisso,
404 1863 492 1920 regem
502 1845 543 1901 vel
554 1846 669 1900 hostium
679 1844 746 1900 lorro
757 1843 798 1899 vol
807 1844 898 1916 inopia

98 1920 190 1992 pauois
200 1921 295 1977 diebus
306 1921 483 1976 interiturum.
508 1924 535 1978 tt.
549 1918 591 1976 hd
601 1921 650 1975 hoo
658 1919 799 1975 eonsilium
809 1936 897 1991 quum

97 1994 218 2068 plerique
227 1996 389 2062 aooederent,
407 1997 538 2051 Histiaeus
547 1995 678 2060 hlilesius,
691 2012 724 2049 ne
733 2012 775 2048 res
784 1994 898 2049 oonlioe·

98 2078 182 2136 retur,
193 2070 305 2137 obstitit,
317 2070 416 2136 diosus,
429 2088 481 2126 non
493 2070 563 2126 idem
572 2070 646 2142 ipsis,
658 2069 705 2141 qui
715 2084 835 2123 summas
845 2068 899 2123 im-

97 2144 163 2216 perii
174 2152 298 2212 tenerent,
304 2145 435 2217 expedire,
442 2154 467 2200 et
476 2144 650 2207 multitudini,
658 2143 730 2215 quod
735 2142 805 2197 Darii
814 2158 898 2217 regno

98 2220 217 2291 ipsorum
227 2219 351 2275 niteretur
361 2219 515 2288 dominatlo;
526 2237 581 2293 quo
589 2219 716 2282 extincto,
729 2218 813 2290 ipsos,
823 2225 899 2288 pote-

97 2301 162 2349 state
180 2293 318 2367 expulsos‚
339 2294 444 2350 oivihus
463 2295 520 2350 suis
538 2312 635 2366 poenas
650 2293 767 2349 daturos.
804 2292 899 2365 ltaque

97 2368 162 2425 adeo
174 2386 204 2424 se
216 2369 356 2425 abhorrere
369 2388 385 2425 a
398 2378 542 2426 oeterorum
555 2369 677 2435 oonsilio,
694 2377 725 2423 ut
739 2366 807 2423 m'hil
823 2375 900 2441 putet

98 2444 163 2515 ipsis
177 2443 284 2511 utilius,
299 2462 381 2517 quam
395 2445 543 2501 oonfirmari
558 2462 671 2518 regnum
681 2444 830 2499 Persarum.
869 2446 897 2499 6.

97 2520 183 2575 liuius
196 2536 283 2593 quum
296 2521 452 2576 sententiam
465 2519 573 2592 plurimi
586 2527 674 2574 essent
684 2518 782 2584 secuti,
801 2516 900 2575 hliltia-

97 2593 157 2660 dee,
175 2612 228 2650 non
243 2594 381 2661 dubitans,
396 2603 450 2650 tam
465 2593 557 2650 multis
569 2592 681 2650 oonsoiis
693 2593 728 2648 ad
740 2592 899 2667 regieaures

97 2669 206 2725 consilia
215 2688 264 2727 sua
272 2678 443 2744 perventura,
458 2669 651 2726 Chersonesum
659 2666 781 2742 reliquit,
798 2684 900 2725 norun
