1906 3066
172 188 271 250 XXV.
289 187 469 248 armeus,
488 186 571 247 CAP.
590 187 658 248 vll.
677 187 761 248 v111.
817 193 868 250 ll'l

64 297 208 356 familiaris
219 298 367 373 despexerit
379 298 509 356 iruotum:
535 297 701 372 quiriacum
713 296 746 366 Q.
757 298 868 372 quidem

64 375 193 432 Cicerone
204 374 317 432 voluerit
329 375 368 431 ire
380 374 409 430 in
420 371 522 439 Asiam,
536 391 623 446 quum
635 372 706 446 apud
715 373 797 429 euml
846 377 868 431 ti

65 449 158 506 locum
169 450 286 506 obtinere
296 455 395 523 posset.
432 449 491 504 Non
500 448 572 504 enim
584 447 674 504 decere
685 465 714 504 se
723 448 805 505 arbitr

65 533 121 591 tur,
140 541 227 598 quum
242 533 394 599 praeturam
409 541 499 599 gerere
515 522 652 590 noluisset,
666 523 793 579 asseclam
811 542 869 581 esse

64 600 203 674 praetoris.
242 603 270 657 o.
289 600 347 669 Qua
357 600 487 655 inrenon
496 597 584 654 solum
592 597 716 672 dignitati
726 598 866 667 serviebat,

65 675 115 731 sed
127 675 206 730 etiam
218 674 412 748 tranquillitati,
431 691 518 747 quum
529 672 694 747 suspiciones
705 690 814 747 quoque
825 674 869 731 vi·

65 748 299 806 taretcrimiunm.
333 750 392 818 Quo
400 748 487 814 tiebat,
501 754 532 804 ut
540 748 598 804 eius
606 748 772 805 observantia
780 749 869 806 omni-

65 824 120 881 bus
136 831 205 880 essct
220 825 313 891 carior,
331 842 418 898 quum
430 840 489 880 eam
500 823 597 892 officio,
610 840 664 880 non
676 824 770 881 timore
781 841 869 899 neque

20 927 24 933 ·
66 899 135 975 spei,
147 899 231 955 tribui
243 899 371 957 viderent.

123 974 182 1033 vn.
202 973 298 1030 Incidit
310 975 497 1031 Caesarianum
509 973 588 1029 civile
599 971 710 1040 ballum,
721 991 809 1048 quum
820 973 869 1030 ha-

67 1051 144 1106 beret
153 1065 238 1106 annos
249 1050 352 1106 circiter
364 1050 510 1124 sexaginta.
549 1049 620 1104 Usus
637 1054 676 1103 est
688 1048 779 1103 aetatis
791 1066 870 1104 vaea-

65 1125 148 1191 tione,
162 1142 249 1198 neque
262 1122 317 1201 [se]
331 1142 468 1198 quoquam
478 1124 605 1179 movitex
614 1122 690 1178 urbe.
718 1122 870 1190 Quaeami-

66 1199 107 1255 cis
127 1199 186 1256 suis
201 1216 269 1273 opus
284 1199 387 1256 fuerant
403 1198 438 1254 ad
454 1199 609 1271 Pompeium
629 1196 866 1270 proficiscentibus,

66 1274 158 1331 omnia
169 1291 204 1331 ex
216 1292 265 1331 sua
273 1292 302 1330 re
310 1272 434 1330 lamlliari
443 1272 525 1329 dedit.
563 1277 591 1331 2.
610 1273 703 1344 Ipsum
713 1271 868 1343 Pompeium

66 1349 239 1406 coniunctum
252 1366 306 1406 non
317 1348 438 1405 oliendit:
463 1347 569 1403 nullum
582 1345 654 1403 enim
667 1346 700 1403 ab
713 1364 743 1402 eo
755 1345 870 1403 habebat

66 1432 265 1491 omamsntum,
284 1431 314 1479 ut
329 1424 420 1489 ceteri,
438 1423 487 1497 qui
502 1440 551 1495 per
566 1440 628 1478 eum
641 1428 686 1477 aut
698 1421 810 1478 honores
822 1431 869 1479 aut

67 1498 176 1557 divitias
197 1507 331 1574 ceperant3
357 1516 473 1572 quorum
488 1497 585 1571 partim
607 1495 762 1553 invitissimi
784 1504 869 1554 castra

67 1581 132 1631 sunt
146 1575 240 1641 secuti,
257 1575 355 1647 partim
373 1590 479 1630 summa
496 1590 558 1629 cum
570 1572 628 1628 eius
640 1572 783 1629 offensione
795 1571 868 1630 domi

66 1656 260 1706 remanserunt.
299 1654 326 1706 3.
346 1647 424 1704 Attici
436 1655 524 1705 autem
536 1648 615 1722 quies
629 1655 763 1721 tantopere
775 1647 869 1705 Caesa-

67 1725 90 1780 ri
99 1724 153 1780 luit
163 1732 245 1812 grata,
259 1732 290 1780 ut
298 1724 389 1791 victor,
403 1741 489 1797 quum
498 1724 609 1797 privatis
618 1722 744 1796 pecunias
755 1739 803 1794 per
812 1723 869 1794 epi-

67 1797 149 1856 stolas
160 1808 308 1873 imperaret,
328 1799 393 1855 huic
404 1816 458 1855 non
470 1799 558 1855 solum
570 1796 696 1853 molestus
712 1813 765 1852 non
778 1795 866 1861 luerit,

67 1874 115 1930 sed
132 1874 211 1930 etiam
228 1875 324 1930 sororis
341 1874 428 1930 lilium
445 1880 470 1928 et
488 1873 521 1941 Q.
539 1872 692 1930 Ciceronem
703 1888 738 1926 ex
749 1871 868 1945 Pompeii

67 1948 161 2006 castris
176 1950 340 2005 concesserit.
378 1948 423 2004 Sic
443 1957 530 2005 vetere
551 1946 671 2004 instituto
691 1945 761 2002 vitae
776 1946 869 2022 effugit

67 2023 335 2156 mvzffinosrpdtum
348 2105 386 2155 est
398 2097 476 2164 illud,
490 2096 576 2153 occiso
584 2095 703 2163 Caesare,
717 2113 804 2170 quum
813 2113 868 2151 ros-

67 2173 176 2247 publica
186 2192 267 2247 penes
278 2175 371 2230 Brutos
383 2173 516 2229 rideretur
527 2189 585 2228 esse
596 2179 621 2228 et
632 2171 765 2238 Cassium,
776 2188 807 2227 ao
816 2178 867 2225 tota

67 2250 162 2307 civitas
179 2266 208 2304 se
224 2249 258 2305 ad
270 2266 313 2304 eos
330 2249 512 2305 convertisset:
551 2251 578 2304 2.
598 2247 637 2302 sio
653 2248 690 2303 M.
708 2247 788 2301 Bruto
801 2262 867 2299 usus

67 2332 116 2391 est,
136 2330 167 2379 ut
177 2323 253 2381 nullo
265 2323 310 2380 ille
322 2323 471 2379 adolescens
483 2321 587 2396 aequali
603 2319 770 2383 familiarius,
784 2336 867 2391 quam

67 2399 119 2456 hoo
135 2415 211 2464 sene,
230 2416 316 2472 neque
332 2398 419 2454 solum
435 2416 497 2454 eum
509 2396 657 2470 principem
669 2391 773 2451 oonsilii
785 2392 868 2447 habe-

9 2504 13 2513 ·
68 2482 116 2540 ret,
131 2472 269 2530 sedetiam
281 2474 309 2529 in
322 2474 454 2530 convictu.
492 2477 519 2528 3.
538 2472 723 2546 Excogitatum
732 2474 795 2522 esta
805 2467 868 2540 qui·

67 2548 193 2613 busdam,
206 2555 237 2604 ut
248 2548 382 2621 privatum
391 2547 522 2604 aerarium
531 2546 650 2604 Caesarie
660 2540 867 2599 interfectoribus
916 2541 918 2546 '

68 2624 103 2679 ab
114 2623 252 2695 equitibus
263 2624 341 2679 Rom.
355 2623 563 2679 constitueretur.
601 2619 633 2676 ld
644 2616 720 2674 facile
727 2614 795 2672 ellici
804 2633 867 2688 pos-

68 2716 97 2755 se
108 2697 227 2754 arbitrati
238 2706 310 2765 sunt,
325 2698 348 2755 si
361 2704 386 2754 et
396 2698 529 2771 principes
542 2695 616 2752 illius
627 2691 729 2751 ordinis
740 2689 866 2766 pecunias
