1896 3292
77 206 111 260 ao
258 199 344 256 xix.
364 197 548 256 ruoctou.
570 196 653 255 our.
673 197 697 256 1.
782 182 789 191 '

78 329 120 368 nee
133 309 230 385 partim
242 309 394 384 repulisset,
413 310 511 382 partim
524 308 708 374 interfecisset,
724 313 822 382 captus

78 388 204 462 Antigoni
222 386 331 453 virtute,
350 385 397 441 sed
409 384 582 442 Macedonum
595 384 725 458 periurio,
744 384 828 441 talem

78 464 137 520 buit
153 462 256 519 exitum
272 465 352 520 vitae.
390 465 417 519 2.
438 463 468 517 ln
481 477 536 534 quo
550 468 650 534 quanta
667 459 747 515 luerit
762 478 829 517 omn

77 538 169 613 opinio
184 554 291 605 eorum,
315 537 364 610 qui
384 544 445 609 post
460 534 642 592 Alexandrum
660 537 702 592 lla
741 554 793 592 nm
813 554 832 593 n

78 622 142 671 sunt
157 612 295 688 appellati,
313 630 347 669 ex
360 612 411 668 hoo
426 611 551 668 facillime
566 620 651 686 potest
667 612 695 668 iu
718 613 797 679 ‘oari,
816 631 832 687 q

79 707 166 756 tiemo,
177 691 298 746 Eumene
309 689 381 756 nvo,
391 706 439 745 rex
448 688 594 763 appellatus
603 696 651 755 est,
662 687 710 743 sed
723 687 832 761 praefec

80 771 105 821 3.
126 765 208 821 iidem
224 773 285 838 post
300 765 383 821 huius
399 781 522 821 occasum
539 764 627 820 statim
645 763 750 838 regium
764 781 832 820 ome·

79 849 401 972 ttttttuttt
413 839 832 988 ”tut’tttltttttltt

79 992 200 1058 luerunt,
214 997 253 1058 et,
268 1008 323 1047 uno
334 933 529 1065 profflatcre
540 958 653 1057 sublalo,
669 990 737 1062 quid
746 992 832 1047 sentit

80 1075 248 1140 aperuerunt.
287 1068 374 1123 Huius
385 1068 490 1124 sceleris
506 1067 639 1141 principes
656 1065 765 1122 fuerunt
777 1067 833 1123 Ant

81 1160 147 1208 nus,
166 1142 343 1210 Ptolemaeus,
363 1142 502 1210 Seleucus,
516 1143 707 1218 Lysimachus,
727 1142 830 1199 Cassan

81 1221 107 1273 l.
131 1219 282 1293 Antigonus
299 1225 387 1275 autam
404 1220 552 1275 Eumenem
574 1226 710 1274 mortuum
727 1218 832 1290 propina

80 1294 138 1350 dns
150 1293 331 1367 sepeliendum
344 1295 461 1351 tradidit.
493 1294 526 1348 Hi
539 1293 647 1350 militari
659 1294 773 1349 honesto
785 1292 832 1349 fain

80 1369 221 1426 comitante
231 1378 286 1426 toto
297 1371 427 1437 exercitu,
447 1371 641 1436 humaverunt,
660 1385 778 1441 ossaque
789 1370 832 1425 eiu

80 1444 273 1518 Cappadociam
285 1446 319 1501 ad
331 1454 443 1503 matrem
456 1456 536 1520 atque
548 1462 659 1502 uxorem
668 1443 824 1520 liberosque

80 1519 241 1592 deportanda
252 1529 389 1578 cairamnt.

82 1651 832 1691 &mmmmm

433 1766 538 1821 xlx.

331 1870 641 1931 PtlocluN.

427 2009 498 2066 Car.
518 2010 543 2065 l,
627 2050 631 2061 .

136 2115 289 2192 Pnocror,
321 2127 541 2193 Arasureusis,
562 2127 609 2182 etei
630 2142 709 2197 saepe
728 2126 832 2181 exercit

83 2201 196 2273 praefuit
211 2219 385 2275 summosque
401 2203 570 2278 magistratus
587 2202 668 2275 oepit,
694 2208 784 2256 umen
804 2218 832 2256 m

83 2279 140 2333 cius
150 2278 235 2333 notior
248 2277 383 2352 integritas
395 2286 435 2334 est
442 2279 521 2343 vitae,
532 2294 613 2350 quam
624 2277 661 2331 rei
669 2275 794 2331 militaris
804 2274 831 2332 la

85 2355 174 2426 ltaque
189 2353 272 2409 huius
288 2355 415 2410 memoria
432 2362 471 2411 est
487 2352 575 2418 nulla,
595 2351 667 2407 illins
684 2358 774 2407 autem
791 2369 832 2407 ma

84 2428 166 2485 fama:
180 2446 214 2484 ex
226 2446 281 2503 quo
293 2432 450 2505 oognomine
461 2431 550 2486 Bonus
560 2436 599 2483 est
608 2426 766 2500 appellatus.
786 2431 814 2484 2.
827 2428 832 2482 l

82 2504 155 2559 enirn
171 2511 297 2578 perpetuo
308 2523 423 2579 pauper,
442 2522 529 2579 quum
542 2503 719 2560 divitissimus
731 2520 790 2558 essa
801 2519 832 2576 pt

83 2588 190 2653 propter
201 2580 350 2654 frequentas
367 2580 465 2636 delatos
477 2581 590 2636 honores
606 2585 799 2652 potestatesque
814 2596 832 2634 e

83 2673 151 2721 mas,
166 2673 235 2729 quaa
247 2658 270 2713 ei
281 2656 404 2730 apopulo
416 2655 558 2712 dabantur.
597 2659 623 2710 3.
643 2654 691 2708 llio
700 2671 787 2727 quum
801 2672 832 2709 a:

68 2730 200 2804 Phihppo
215 2750 333 2792 munera
350 2750 466 2813 maguae
477 2731 606 2809 pecuniae
615 2729 778 2803 repudiaret,
797 2729 832 2805 lep
