1896 3292
141 110 222 164 VIII.
243 109 531 165 THRASYBULUS.
552 110 633 166 CAP.
654 111 776 169 111.1v.
824 116 856 169 st

59 218 226 292 pugnabant.
249 223 276 276 5.
292 217 394 273 HincIn
401 217 541 273 Piraeeum
551 218 662 282 transiit,
672 219 857 293 Munychiam·

10 338 13 343 .
60 310 114 366 que
126 293 253 347 munivit.
291 293 364 347 llane
376 292 418 347 bis
432 292 537 366 tyranni
550 309 702 366 oppugnare
710 304 774 349 sunt
781 295 857 351 edor-

10 420 15 431 ,
59 367 93 425 ti:
114 368 150 422 ub
159 383 243 438 eaque
253 367 360 438 turpiter
369 367 467 439 repulsi
478 367 597 439 protinus
610 368 638 423 in
652 368 760 434 urbem,
777 371 857 425 armis

10 436 15 457 ²
59 441 310 513 impedimentisque
331 442 450 507 amissis,
479 441 641 515 relegerunt.
679 446 706 497 6.
728 444 796 498 Usus
818 452 857 501 est

10 522 13 579 ζ
60 515 245 590 Thrasybulus
259 533 311 571 non
325 517 416 572 minus
427 517 579 588 prudentia,
599 534 681 589 quam
695 516 856 575 fortitudine.

10 612 15 623 ¹
60 592 129 649 Nam
139 590 258 645 cedentes
267 590 360 648 violari
370 592 465 649 vetuit:
480 593 552 647 cives
560 593 631 647 enim
640 593 744 648 cluibus
753 611 858 664 parcere

59 683 177 737 eeqrrum
197 666 326 721 censebat.
365 668 457 738 Neque
474 667 618 739 quisquam
636 674 676 723 est
694 667 855 735 vulneratus,

61 741 114 799 nisi
127 740 177 812 qui
188 741 260 811 prior
273 742 430 813 impugnare
444 741 537 797 voluit.
574 742 712 797 Neminem
731 742 857 799 iacentem

60 821 132 871 veste
146 814 280 886 spoliavit;
302 815 370 869 nihil
384 815 481 888 attigit,
498 816 550 871 nisi
563 834 650 882 arma,
661 833 776 890 quorum
786 817 857 873 iudi·
935 862 937 867 ,

58 890 157 965 gebat,¹
168 898 193 944 et
206 906 274 960 quae
288 889 321 945 ad
330 890 428 944 vlotum
441 891 615 961 pertinebant.
652 892 679 946 7.
698 893 729 947 ln
741 892 857 948 secundo

10 990 12 995 ·
59 963 159 1037 proelio
168 963 259 1018 cecidit
269 963 376 1028 Critias,
389 964 447 1019 dux
457 972 642 1038 tyrannorum,
653 983 738 1038 quum
747 967 856 1040 quidem

56 1038 222 1095 exadversus
233 1037 431 1110 Thrasybulum
440 1037 579 1094 fortissime
588 1049 725 1112 pugnaret.

115 1114 162 1167 Ill.
182 1113 236 1166 lloe
245 1111 341 1166 deiecto
350 1112 493 1166 Pausanias
502 1114 573 1167 venit
581 1112 672 1167 Atticis
681 1114 793 1182 auxilio,
808 1133 857 1173 rex

57 1185 339 1244 Lacedaemoniorum.
377 1187 402 1238 ls
413 1186 479 1239 inter
488 1186 685 1259 Thrasybulum
699 1195 723 1241 et
736 1205 792 1255 eos,
809 1190 858 1262 qui

10 1284 12 1301 =
57 1261 158 1318 urbem
167 1259 301 1325 tenebant,
315 1257 375 1313 fecit
387 1276 477 1330 pacem
491 1259 533 1314 his
542 1260 747 1317 conditionibus:
768 1280 801 1318 ne
810 1264 858 1335 qui

56 1341 164 1411 praeter
174 1332 278 1406 triginta
288 1340 412 1407 tyrannos
422 1342 446 1388 et
454 1333 557 1401 decom,
573 1335 621 1406 qui
633 1343 720 1407 postea
731 1345 859 1407 praetores

57 1407 142 1465 creati
153 1407 294 1480 superioris
304 1425 375 1463 more
384 1408 542 1464 crudelitatis
551 1418 624 1465 erant
632 1411 683 1477 usi,
696 1410 858 1469 allicerentur

10 1502 12 1507 ·
56 1481 169 1550 exsilio,
191 1500 257 1538 neve
266 1483 333 1538 bone
343 1483 553 1555 publicarentur;
568 1485 727 1557 reipublicae
734 1504 855 1560 procura·

57 1559 98 1615 tio
125 1557 223 1630 populo
245 1558 404 1614 redderetur.
442 1563 469 1618 2.
490 1558 653 1615 Praeclarum
677 1561 727 1616 hoe
752 1579 858 1636 quoque

10 1670 12 1685 .
58 1632 237 1706 Thrasybuli,
252 1633 337 1705 quod,
353 1633 515 1689 reconciliata
524 1651 600 1706 pace,
615 1652 701 1707 quum
709 1635 856 1707 plurimum

60 1708 89 1765 iu
99 1707 202 1763 ciuitate
211 1716 306 1778 posset,
319 1707 402 1781 lmem
412 1708 485 1764 tulit:
505 1709 611 1782 nequis
623 1716 682 1764 ante
692 1719 807 1765 actarum
817 1728 857 1765 re·

60 1799 123 1839 rum
133 1790 305 1847 accusaretur,
318 1799 385 1837 neve
393 1783 561 1851 mutar-etun
581 1801 693 1856 eamque
702 1784 741 1839 illi
753 1782 857 1860 [legem]

10 1866 12 1917 i
59 1855 204 1913 oblivionis
221 1856 395 1928 appellarunt.
433 1861 460 1913 3.
480 1858 572 1929 Neque
589 1875 651 1913 rere
670 1858 740 1913 hano
756 1868 858 1915 tantum

10 1950 12 1981 ι
61 1930 318 1996 ferendamcuravit,
334 1931 480 1996 sedetiam,
497 1939 527 1987 ut
536 1931 643 1998 valeret,
660 1932 751 1989 ellecit.
789 1937 858 1991 Nam

10 2002 12 2025 '
59 2016 149 2081 quum
162 2005 272 2077 quidam
281 2023 314 2061 ex
325 2005 381 2070 his,
399 2006 448 2078 qui
456 2005 537 2061 simul
548 2023 648 2064 eumeo
663 2007 690 2062 in
700 2007 792 2063 exsilio
801 2007 856 2065 lue

10 2076 12 2121 ἕ
59 2088 134 2147 rant,
150 2080 254 2135 eaedem
264 2080 346 2135 facere
354 2096 445 2137 eorum
455 2080 564 2146 vellent,
580 2082 750 2153 cumquibus
760 2083 787 2138 in
797 2102 858 2157 gra·

59 2154 127 2213 tiam
135 2154 248 2211 reditum
258 2162 312 2210 erat
320 2154 439 2226 publice,
454 2155 603 2229 pmhibuit‚
614 2164 640 2212 et
648 2157 689 2224 id,
699 2158 772 2231 quod
780 2158 857 2230 polli-

59 2230 131 2289 amr
139 2236 202 2294 erat,
213 2230 348 2301 praestitit.

116 2304 164 2363 1v.
183 2304 251 2359 Huic
258 2321 305 2376 pro
315 2304 393 2360 tentis
401 2305 501 2360 meritis
515 2304 622 2361 honoris
635 2301 860 2376 coroaaapopulo

59 2376 122 2439 deu
136 2389 189 2445 est,
204 2378 270 2435 iacta
285 2378 390 2435 duabus
403 2379 516 2454 virgulis
529 2380 669 2456 oleaginis3
690 2397 772 2452 quam
786 2377 859 2449 quod

60 2454 259 2519 morcinum,
274 2470 327 2509 non
338 2453 379 2508 vis
387 2463 560 2526 expresserat,
576 2456 676 2512 nullam
687 2454 779 2532 babuit
789 2451 859 2507 inri-

58 2528 150 2595 diem,
170 2545 321 2602 magnaque
337 2527 388 2583 luit
404 2530 497 2602 gloria.
535 2534 562 2587 T.
581 2532 650 2585 bene
668 2543 731 2599 ergo
746 2527 860 2583 Pittawn

59 2602 121 2672 ille,
137 2603 187 2678 qui
199 2611 300 2676 septem
311 2603 460 2675 sapleutum
470 2621 581 2661 numere
590 2600 758 2667 eetbsbitrrs,
773 2617 860 2674 quum
