1896 3292
102 227 117 276 6
280 222 302 275 Ι.
322 218 541 275 nnLTlauEs.
562 218 643 274 Cll‘.
663 219 710 274 Vl.

103 329 252 401 cupiditate.
281 333 308 385 2.
328 328 386 394 Quc
399 328 551 391 factumest,
564 327 671 399 utplus,
683 345 765 400 quam
775 329 900 405 collegae,

104 402 362 461 Miltiadoevaluerit.
395 405 460 458 Eius
470 420 532 476 ergo
541 404 690 457 auctoritate
700 403 811 474 impulsi
821 407 904 464 Athe-

104 481 206 535 nienses
215 480 302 551 copias
311 496 344 533 ex
354 478 419 533 urbe
427 479 582 541 eduxerunt,
595 477 702 549 locoque
713 478 808 534 idoneo
818 490 901 539 castra

105 555 227 610 iecerunt.
266 557 293 609 3.
312 552 411 608 Deinde
419 562 521 625 postero
529 552 571 606 die
580 554 631 607 sub
642 553 739 608 montis
753 554 900 625 radicibus,

103 628 295 701 acieeregione
304 627 441 693 instructa,
458 644 524 683 nova
535 636 600 692 arte,
617 627 644 683 vi
653 645 759 682 summa
769 630 901 700 proelium

103 703 299 759 commiserunt.
332 703 453 774 Namque
461 703 566 757 arbores
576 701 668 757 multis
677 701 740 757 locis
750 713 827 759 erant
835 714 902 763 stra-

104 790 156 844 tae,
173 777 223 832 hcc
237 775 360 842 consilio,
376 784 406 832 ut
419 786 445 832 et
455 777 584 832 montium
594 784 741 850 tegerentur
749 777 899 846 altitudine,

103 862 128 908 et
141 852 264 907 arborum
279 858 361 906 tractu
380 852 511 924 equitatus
529 851 645 906 hostium
662 851 848 922 impediretur,
867 872 902 912 ne

104 926 272 983 multitudine
285 925 476 983 clauderentur.
515 929 540 982 i.
561 926 645 992 Datis,
661 927 709 980 etsi
719 944 772 981 nnn
783 946 900 1001 aequum

105 1003 190 1058 locum
205 1001 310 1058 videbat
322 1000 392 1067 suis,
413 1009 513 1067 tamen,
534 1000 614 1055 fretus
633 1018 743 1056 numero
762 1004 900 1074 copiarum

102 1094 221 1142 suarum,
231 1075 368 1150 confligere
377 1076 510 1148 cupiebat:
521 1092 604 1146 ecque
612 1076 706 1149 magis.
717 1077 799 1147 quod,
811 1079 901 1150 prius-

103 1169 184 1224 quam
198 1150 394 1207 Lacedaemonii
408 1150 526 1206 subsidio
545 1150 676 1216 venirent,
696 1149 824 1208 dimicare
836 1153 901 1209 utile

103 1227 286 1283 arbitrabatur.
324 1228 414 1299 ltaque
428 1227 455 1281 in
468 1225 551 1281 aciem
560 1224 678 1296 peditum
687 1233 808 1292 centum,
824 1230 901 1301 equi-

104 1311 161 1357 tum
181 1301 270 1357 deoem
288 1301 372 1356 millia
389 1300 526 1372 produxit,
555 1298 737 1372 proeliumque
756 1303 899 1359 commisit.

104 1381 130 1433 ii.
151 1378 181 1432 ln
195 1395 250 1449 quc
263 1384 333 1432 tanto
341 1374 402 1447 plus
412 1375 507 1431 virtute
520 1374 659 1430 valuerunt
668 1375 856 1444 Athenienses,
872 1387 902 1434 ut

104 1451 288 1523 decemplicem
302 1460 442 1506 numerian
458 1450 574 1506 hostium
586 1448 761 1524 profligarint3
782 1451 902 1526 adeoque

104 1533 304 1598 perterruerunt,
316 1532 346 1579 ut
354 1525 446 1579 Persae
455 1542 507 1580 non
518 1534 609 1591 castra,
620 1525 667 1580 sed
677 1543 757 1580 naves
767 1527 900 1597 petierint.

103 1600 161 1668 Qua
176 1617 265 1674 pugna
280 1598 346 1654 nihil
361 1598 448 1655 adhuc
459 1609 499 1655 est
512 1599 638 1655 nobilius.
677 1599 756 1655 Nulla
766 1601 840 1657 enim
849 1620 901 1660 un·

104 1693 185 1748 quam
196 1683 248 1730 tam
258 1675 354 1748 exigua
364 1692 459 1730 manus
469 1683 552 1730 tanus
561 1693 623 1748 opes
632 1676 781 1746 prostravit.

159 1750 203 1806 Vl.
224 1749 307 1807 Cuius
325 1749 447 1805 victoriae
469 1767 521 1806 non
539 1749 655 1805 alienum
675 1748 792 1816 videtin,
821 1752 902 1825 quale

104 1825 250 1896 praemium
259 1823 368 1880 Miltiadi
379 1825 413 1879 sit
422 1826 559 1891 tributum,
572 1825 670 1891 docere,
681 1842 736 1899 quc
743 1824 849 1882 facilius
859 1827 901 1885 in·

103 1898 184 1973 telligi
196 1900 290 1971 possit,
305 1899 414 1956 eandem
427 1900 547 1956 omnium
557 1900 691 1955 civitatum
700 1917 757 1956 csse
766 1908 899 1959 naturam.

103 1978 131 2031 2.
151 1975 184 2031 Vt
193 1975 265 2029 enim
274 1974 365 2046 populi
375 1975 456 2030 nostri
467 1977 577 2032 honores
586 1974 837 2048 quondamluerunt
846 1977 900 2033 rari

104 2058 128 2103 et
147 2056 251 2115 tenues,
272 2050 307 2104 cb
325 2067 436 2122 eamque
454 2067 560 2107 cerream
579 2050 699 2124 glori0si;
720 2067 793 2105 nunc
811 2059 900 2107 autem

104 2123 179 2178 effusi
193 2132 273 2197 atque
284 2124 405 2181 obsoleti:
426 2125 465 2181 sic
478 2125 541 2181 olim
556 2124 627 2197 apud
636 2125 808 2181 Athenienses
816 2125 901 2182 finisse

104 2199 260 2271 reperimus.
298 2202 324 2255 3.
345 2201 465 2273 Namque
474 2200 537 2256 huic
545 2199 665 2267 Miltiadi,
677 2200 725 2273 qui
734 2199 901 2257 Athenaeto-

103 2282 210 2346 tamque
220 2273 355 2329 Graeciam
371 2274 503 2341 liberarat,
520 2274 579 2331 talis
592 2275 676 2331 honos
689 2274 804 2331 tributus
817 2284 858 2331 est
871 2275 901 2332 in

104 2349 219 2421 porticu,
231 2366 299 2477 appiae
306 2352 416 2421 Ποικίλη
425 2358 540 2416 vocatur,
551 2368 637 2423 quum
646 2367 736 2424 pugna
745 2349 902 2425 depingere-

104 2431 147 2479 tur
156 2425 238 2479 lllerat
256 2423 330 2489 onia,
344 2432 375 2479 ut
387 2425 415 2481 in
429 2425 519 2480 decem
531 2433 680 2497 praetorum
695 2442 805 2480 numere
812 2426 902 2497 prime

104 2498 902 2572 eiusimageponcretunisquehortareturmilites‚proelium-

104 2589 157 2643 que
165 2573 344 2629 committeret.
364 2576 390 2630 i.
402 2575 473 2630 Idem
481 2573 525 2631 ille
533 2573 656 2660 populus,
666 2581 901 2647 mamma·

105 2647 294 2720 rueimperium
302 2648 903 2724 eetnactunetlargitmncmugielratuumccr-

91 2733 194 2790 raptas
201 2730 249 2792 est,
262 2731 390 2783 trecentas
399 2731 498 2783 statuas
506 2724 635 2784 Demetrio
644 2722 767 2783 Phalereo
774 2723 901 2785 demerit.
