1896 3292
191 112 275 165 Xlll.
297 110 534 166 TlllOTHEUS.
555 111 637 166 CAP.
658 114 695 166 ll.
717 115 769 169 lll.
846 119 877 169 hl

74 219 191 275 ducenta
200 220 295 275 talentu
305 226 512 275 consumserant.
544 219 575 272 ld
588 219 878 293 illesineullnpublim

74 293 436 367 impensapopulorestituit.
460 293 595 350 Adversus
605 292 700 350 Cotum
709 294 778 351 bella
805 298 876 364 assit,

74 368 207 442 abeoquo
221 367 295 424 mille
303 375 328 423 et
341 367 451 423 ducenta
465 367 560 424 talenta
573 368 684 440 praedae
698 370 726 425 in
740 314 877 442 pulllicum

73 442 176 499 retulit.
216 446 242 499 3.
263 442 390 518 Cyzicum
400 443 536 498 obsidione
546 443 676 499 liberavit.
707 444 879 503 Ariobarzani

74 518 159 575 simul
170 534 232 573 cum
240 516 362 593 Agesilao
371 518 471 574 auxilio
484 518 615 591 profectus
628 526 679 575 est:
701 536 781 593 aquo
792 538 879 595 quum

75 594 146 649 Laco
158 593 299 667 pecuniam
312 600 476 649 numeratam
490 594 642 666 accepisset,
663 593 709 650 ille
726 596 798 652 cives
815 613 878 653 auos

75 684 141 743 egro
150 675 229 740 atque
238 667 352 723 urbibus
362 668 453 742 augeri
463 669 565 735 maluit,
576 686 658 742 quom
668 669 697 725 id
705 686 820 738 sumere,
831 687 879 727 ou-

74 741 359 875 idustlpapetefimtcgogmuss
371 760 448 799 suam
461 740 528 799 lerre
540 750 636 817 posset.
675 746 767 819 ltaque
780 747 878 819 accepit

96 836 121 873 rr
152 834 168 873 o
215 835 236 871 e
362 858 370 873 .

132 894 166 947 ll.
187 890 259 947 ldem
279 891 356 947 classi
375 891 518 965 praefectus
537 893 736 950 circumvehens
750 894 877 969 Pelopon-

74 984 186 1033 nesum,
206 968 350 1024 Laconicen
364 968 519 1041 populatus,
534 968 644 1024 classem
658 986 748 1025 eorum
763 968 875 1047 fugarit.

74 1040 218 1131 Comprum
228 1042 280 1097 sub
290 1042 432 1115 imperium
442 1042 642 1098 Atheniensium
652 1044 765 1119 redegit3
779 1044 877 1101 socios·

73 1115 220 1191 querelem
240 1116 362 1173 adiunxit
379 1117 513 1190 Epirotas,
542 1116 716 1185 Athamanas,
745 1118 874 1185 Chaonas,

73 1208 223 1265 omnesque
231 1210 273 1247 eas
283 1199 382 1267 gentes,
395 1210 464 1265 quae
472 1208 545 1247 mare
553 1191 622 1247 illud
631 1192 757 1247 adiacent.
777 1197 805 1250 2.
818 1192 877 1261 Quo

74 1265 145 1322 facto
157 1266 352 1323 Lacedaemonii
366 1267 399 1323 de
411 1266 514 1323 diutina
532 1268 694 1322 contentione
712 1266 875 1335 destitenmt,

77 1346 105 1395 et
114 1356 165 1395 sua
172 1348 261 1411 sponte
268 1341 474 1398 Atheniensibus
486 1341 590 1414 imperii
604 1341 730 1398 maritimi
744 1342 877 1416 pmncipa·

76 1422 138 1471 tum
147 1424 339 1487 concesserunt;
354 1434 499 1491 pacemque
507 1417 551 1473 his
562 1416 665 1492 legibus
675 1418 874 1485 constituerunt,

74 1496 106 1546 ut
116 1488 286 1547 Athenienses
296 1493 363 1547 mari
373 1492 453 1549 duces
463 1499 557 1548 essent.
591 1492 664 1560 Quae
674 1493 780 1550 victoria
791 1501 877 1550 tantae

73 1563 128 1621 luit
140 1562 232 1621 Atticis
242 1566 365 1634 laetitiae,
381 1575 410 1623 ut
423 1575 481 1624 turn
494 1568 612 1640 primum
626 1584 686 1624 arae
695 1569 756 1625 l'aoi
769 1568 876 1641 publica

73 1641 131 1697 sint
138 1638 228 1707 factae,
239 1641 317 1715 eique
325 1641 388 1698 deae
396 1643 521 1715 pulvinar
530 1642 564 1697 sit
574 1643 734 1699 institutum.
774 1648 800 1699 3.
821 1644 876 1700 Cu·

74 1715 119 1771 ius
133 1714 221 1771 laudis
235 1724 265 1771 ut
277 1717 404 1773 memoria
417 1724 546 1784 maneret,
562 1718 698 1774 Timotheo
706 1716 813 1791 publica
822 1724 876 1773 sta-

73 1798 149 1847 tuam
163 1790 192 1847 in
206 1789 261 1848 loro
273 1800 429 1863 posuerunt.
467 1792 520 1859 Qui
534 1792 617 1848 honos
629 1791 694 1847 luio
707 1792 756 1847 uni
774 1799 834 1849 ante
847 1791 875 1846 id

73 1872 180 1938 tempus
193 1864 315 1940 oontigit:
337 1875 379 1933 ut,
394 1884 480 1941 quum
493 1867 561 1940 patri
574 1865 690 1939 populus
703 1874 815 1924 statuam
825 1886 875 1998 ‘po-

73 1940 459 2014 suisset,lilioquoquednret.
498 1941 542 1997 Sic
552 1942 625 1998 iuxta
633 1942 717 2015 posita
726 1960 816 2000 recens
845 1942 873 1997 lii

73 2013 600 2087 mterempatrisrenoiavitmemoriom.

129 2090 176 2146 ΠΙ.
196 2090 340 2165 Hicqmrm
349 2098 523 2179 essetmagno
533 2098 605 2159 natu,
617 2092 875 2168 etmagistratusge-

73 2180 131 2220 rere
149 2163 272 2233 desisset,
292 2165 362 2223 bello
380 2165 552 2222 Athenienses
570 2166 636 2222 undi
676 2186 690 2223 o
708 2168 793 2241 premi
812 2172 875 2220 sunt

73 2238 169 2313 coepti.
206 2238 336 2296 Deleoerat
345 2240 454 2311 Samus,
469 2241 594 2297 descierat
604 2242 641 2298 lle
652 2242 799 2315 lespontus;
812 2238 875 2293 Phi·

72 2310 165 2387 lippus
175 2313 229 2369 iam
239 2320 297 2370 tum
306 2314 397 2371 valens
408 2314 532 2394 [llaoedo]
543 2317 625 2375 multa
639 2316 809 2373 moliebatur:
830 2313 874 2367 cui

72 2388 210 2461 oppositus
220 2388 319 2445 Chares
327 2407 413 2477 quum
422 2399 502 2458 essct,
519 2409 571 2447 non
585 2392 650 2447 satis
664 2392 692 2445 in
706 2404 737 2443 eo
749 2386 874 2460 praesidii

71 2463 238 2537 putabatur.'
264 2466 292 2521 2:
311 2464 355 2519 Fit
362 2465 528 2523 Menestheus
561 2473 656 2531 rnetcr,
673 2462 745 2517 filius
758 2460 875 2533 lphicro·

72 2537 122 2604 tis,
134 2555 215 2625 gener
225 2538 369 2607 Timothei,
380 2548 417 2608 et,
429 2548 460 2596 ut
468 2540 502 2597 ad
510 2484 611 2597 bellum
639 2534 813 2601 roliciscatur,
829 2534 875 2591 de-

73 2622 200 2669 cernitur.
238 2613 493 2672 lluioinoonsilium
503 2614 600 2671 dantur
627 2610 874 2683 uoususapientia·
