1896 3292
75 171 108 226 20
209 166 258 224 lV.
279 165 507 224 onustans.
526 166 609 224 CAP.
628 167 679 226 1v.
698 169 733 227 V.

75 282 194 348 apertum
208 276 321 343 crimen,
337 294 391 349 quo
404 277 481 351 argui
493 284 592 350 posset,
611 296 663 333 non
678 277 820 349 putabant,
841 279 874 335 de

75 350 120 406 tali
134 359 241 423 tamque
254 351 324 406 clarc
337 352 395 407 viro
407 353 603 424 suspicionibus
615 362 731 424 oportere
748 353 871 420 iudicari,

74 434 100 480 et
109 426 322 497 exspectandum,
338 425 441 481 dumsc
451 429 688 499 ipsaresaperiret.

129 501 175 557 lv.
186 501 293 556 Interim
302 499 419 574 Argilius
429 501 548 574 quidam,
560 501 779 569 adolescentulus,
791 521 873 576 quem

75 592 188 647 puerum
202 575 344 631 Pausanias
353 591 442 631 amore
450 593 561 633 venereo
569 575 709 643 dilexerat,
720 595 808 650 quum
816 578 873 651 api·

75 649 168 705 stolam
182 649 216 705 ab
229 666 260 705 eo
272 649 306 705 ad
314 649 474 706 archam
487 651 639 723 suscepisset,
655 652 733 724 eique
745 651 775 707 in
784 653 873 726 suspi-

75 725 177 780 cionem
186 724 309 791 venisset,
316 724 419 798 aliquid
429 724 457 781 io
467 743 497 782 ea
505 725 539 782 de
547 743 576 782 se
584 743 642 798 esse
650 727 788 798 scriptum,
800 726 872 800 qrsod

75 815 153 855 nemo
162 815 254 854 eorum
263 799 386 866 redisset,
401 799 449 873 qui
463 818 543 873 super
551 800 597 856 tali
606 818 684 857 causa
693 801 786 857 ecdem
796 801 872 857 missi

74 879 161 939 erant,
177 872 284 931 vincula
297 874 420 946 epistolae
432 874 543 942 laxavit,
558 875 688 950 signoque
704 875 819 933 denudo
830 893 872 932 cc-

74 947 180 1022 gncvit,
195 948 218 1004 si
227 949 388 1022 pertulisset,
403 949 705 1023 sibiessepereundum.
742 954 772 1008 2.
791 951 872 1007 Erant

75 1025 104 1079 in
116 1021 208 1079 eadem
221 1023 342 1112 epistola,
363 1042 431 1098 quae
444 1025 517 1081 adea
528 1025 793 1112 pertinebant,·quae
804 1025 872 1082 inter

75 1100 689 1247 diiiimliidldiliiimdililddlgiiremrdietierididd
695 1099 872 1249 gliiiviiistoelit

75 1248 301 1306 oedaemonicrum
314 1250 364 1306 hoc
377 1249 443 1307 looo.
480 1252 548 1306 Nam
561 1267 595 1306 ne
610 1249 692 1305 huius
705 1249 816 1322 quidem
829 1249 872 1306 in·

75 1324 144 1381 dicio
162 1325 365 1414 impuleitsunt,
376 1333 416 1413 ‘ut
432 1325 590 1381 Pausaniam
607 1324 869 1414 comprehenderent3

74 1399 871 1563 lunilacunensium

74 1555 270 1680 ffieceperunt.
307 1550 412 1604 Fanum
421 1549 714 1622 NeptunrestTaenara,
767 1548 872 1606 cdvro-

140 1622 213 1679 naias
229 1631 322 1695 putant
334 1623 436 1679 Graeci.
473 1625 512 1680 Eo
529 1623 575 1681 illa
592 1625 673 1681 index
689 1641 720 1680 oo
789 1625 821 1695 't;
842 1625 872 1681 in

74 1717 120 1756 ara
128 1697 254 1754 consedit.
292 1699 366 1754 Hanc
374 1699 448 1755 iuxta
458 1697 544 1756 locum
553 1699 669 1756 iecerunt
678 1700 730 1756 sub
739 1707 821 1766 terra,
837 1717 872 1757 ex

74 1792 130 1849 quc
138 1781 225 1847 posset
234 1772 334 1840 audiri,
348 1775 443 1848 siquis
452 1775 519 1848 quid
528 1774 677 1848 loqueretur
685 1792 748 1831 oum
756 1773 870 1850 Argilio.

74 1853 102 1907 c.
121 1851 180 1906 Huc
191 1867 225 1906 ex
236 1850 342 1922 ephoris
354 1849 465 1924 quidam
478 1850 676 1906 descenderunt.
715 1849 869 1916 Pausanias,

73 1932 105 1981 ut
118 1923 233 1992 audivit,
249 1925 383 2000 Argilium
395 1924 544 2000 confugisse
556 1925 585 1981 in
598 1942 684 1992 aram,
703 1925 872 1998 perturbatus

73 2016 104 2056 ec
113 2000 195 2058 venit.
233 1999 319 2068 Quem
327 2018 414 2074 quum
422 2000 569 2073 supplicem
578 1999 621 2056 dei
630 2000 731 2057 videret
738 2000 767 2056 in
776 2018 820 2056 ara
830 2017 872 2055 se-

73 2074 188 2142 dentem,
199 2076 311 2149 quaerit,
322 2093 415 2132 causae
424 2075 492 2149 quid
500 2076 535 2131 sit
544 2084 597 2131 tam
606 2075 740 2148 repentino
749 2074 870 2131 consilio.

73 2149 204 2217 lluicille,
219 2150 431 2224 quidexlitteris
439 2151 614 2225 comperisset,
630 2150 721 2223 aperit.
749 2154 776 2205 6.
793 2149 872 2206 Modo

73 2225 160 2301 magis
174 2225 316 2282 Pausanias
330 2227 498 2299 perturbatus
509 2243 583 2282 orare
594 2225 690 2298 coepit,
706 2225 872 2280 neenuatia-

73 2307 126 2368 ret,
137 2317 236 2367 aecae,
248 2301 373 2356 meritum
382 2301 587 2374 deillooptime,
603 2299 731 2372 proderet.
770 2298 872 2367 Quodsi

73 2393 133 2432 eam
144 2375 251 2435 renum
263 2376 317 2432 sibi
331 2376 456 2443 dedisset,
473 2375 605 2449 tantisque
617 2374 782 2447 implicatum
790 2373 872 2431 rebus

73 2451 245 2518 mblemmm,
256 2467 354 2526 magno
362 2453 452 2509 esseei
462 2450 577 2524 praemio
586 2449 717 2506 futurum.

127 2527 162 2585 V.
181 2526 228 2582 llis
241 2527 321 2582 rebus
334 2527 426 2600 ephori
438 2526 551 2601 cognitis
564 2525 646 2581 satius
655 2531 829 2597 putaverunt,
842 2522 872 2579 in

73 2601 140 2657 urbe
148 2618 211 2659 eum
220 2600 416 2675 comprehendi.
454 2600 512 2669 Quo
521 2617 606 2673 quum
616 2608 703 2655 essent
710 2597 832 2671 proiecti,
847 2605 874 2653 et

71 2674 229 2745 Pausanias,
238 2675 341 2752 placato
349 2677 464 2754 Argilio,
479 2683 510 2733 ut
516 2674 638 2750 putabat,
650 2673 872 2731 Lacedaemonem
