<?xml version="1.0" encoding="UTF-8"?>
<!DOCTYPE html PUBLIC "-//W3C//DTD XHTML 1.0 Transitional//EN"
    "http://www.w3.org/TR/xhtml1/DTD/xhtml1-transitional.dtd">
<html xmlns="http://www.w3.org/1999/xhtml" xml:lang="en" lang="en">
 <head>
  <title>
</title>
<meta http-equiv="Content-Type" content="text/html;charset=utf-8" />
  <meta name='ocr-system' content='tesseract 3.04.00' />
  <meta name='ocr-capabilities' content='ocr_page ocr_carea ocr_par ocr_line ocrx_word'/>
</head>
<body>
  <div class='ocr_page' id='page_1' title='image "./corneliinepotis08nepogoog_0067.png"; bbox 0 0 1896 3292; ppageno 0'>
   <div class='ocr_carea' id='block_1_1' title="bbox 98 39 941 224">
    <p class='ocr_par' dir='ltr' id='par_1_1' title="bbox 98 39 941 224">
     <span class='ocr_line' id='line_1_1' title="bbox 98 39 941 224; baseline -0.004 0"><span class='ocrx_word' id='word_1_1' title='bbox 98 171 131 224; x_wconf 69' lang='lat'><strong>52</strong></span> <span class='ocrx_word' id='word_1_2' title='bbox 264 166 333 223; x_wconf 78' lang='grc' dir='ltr'><strong>ΧΠ.</strong></span> <span class='ocrx_word' id='word_1_3' title='bbox 353 162 555 220; x_wconf 77' lang='lat' dir='ltr'><strong>autumas,</strong></span> <span class='ocrx_word' id='word_1_4' title='bbox 575 162 657 219; x_wconf 71' lang='lat' dir='ltr'><strong>Cll’.</strong></span> <span class='ocrx_word' id='word_1_5' title='bbox 676 164 726 220; x_wconf 87' lang='lat' dir='ltr'><strong>IV.</strong></span> <span class='ocrx_word' id='word_1_6' title='bbox 937 39 941 221; x_wconf 91' lang='lat' dir='ltr'><strong>l</strong></span> 
     </span>
    </p>
   </div>
   <div class='ocr_carea' id='block_1_2' title="bbox 96 272 897 1688">
    <p class='ocr_par' dir='ltr' id='par_1_2' title="bbox 98 272 895 420">
     <span class='ocr_line' id='line_1_2' title="bbox 98 272 895 339; baseline -0.001 -9"><span class='ocrx_word' id='word_1_7' title='bbox 98 275 195 331; x_wconf 84' lang='lat' dir='ltr'><strong>Charee</strong></span> <span class='ocrx_word' id='word_1_8' title='bbox 208 274 304 331; x_wconf 87' lang='lat' dir='ltr'><strong>herum</strong></span> <span class='ocrx_word' id='word_1_9' title='bbox 318 280 343 328; x_wconf 88' lang='lat' dir='ltr'><strong>et</strong></span> <span class='ocrx_word' id='word_1_10' title='bbox 356 272 430 329; x_wconf 83' lang='lat' dir='ltr'><strong>factis</strong></span> <span class='ocrx_word' id='word_1_11' title='bbox 442 280 468 327; x_wconf 90' lang='lat' dir='ltr'><strong>et</strong></span> <span class='ocrx_word' id='word_1_12' title='bbox 480 273 612 339; x_wconf 86' lang='lat' dir='ltr'><strong>moribus,</strong></span> <span class='ocrx_word' id='word_1_13' title='bbox 628 272 675 329; x_wconf 84' lang='lat' dir='ltr'><strong>aed</strong></span> <span class='ocrx_word' id='word_1_14' title='bbox 687 280 776 329; x_wconf 89' lang='lat' dir='ltr'><strong>tamen</strong></span> <span class='ocrx_word' id='word_1_15' title='bbox 785 272 895 329; x_wconf 75' lang='lat' dir='ltr'><strong>Athenin</strong></span> 
     </span>
     <span class='ocr_line' id='line_1_3' title="bbox 98 349 798 420; baseline -0.01 -16"><span class='ocrx_word' id='word_1_16' title='bbox 98 358 123 405; x_wconf 90' lang='lat' dir='ltr'><strong>et</strong></span> <span class='ocrx_word' id='word_1_17' title='bbox 131 349 273 405; x_wconf 83' lang='lat' dir='ltr'><strong>honoratus</strong></span> <span class='ocrx_word' id='word_1_18' title='bbox 282 356 307 405; x_wconf 88' lang='lat' dir='ltr'><strong>et</strong></span> <span class='ocrx_word' id='word_1_19' title='bbox 316 355 417 420; x_wconf 85' lang='lat' dir='ltr'><strong>potens.</strong></span> <span class='ocrx_word' id='word_1_20' title='bbox 794 356 798 369; x_wconf 92' lang='grc'>·</span> 
     </span>
    </p>

    <p class='ocr_par' dir='ltr' id='par_1_3' title="bbox 96 419 897 1688">
     <span class='ocr_line' id='line_1_4' title="bbox 152 419 897 494; baseline 0 -13"><span class='ocrx_word' id='word_1_21' title='bbox 152 425 197 482; x_wconf 87' lang='lat' dir='ltr'><strong>IV.</strong></span> <span class='ocrx_word' id='word_1_22' title='bbox 217 424 344 481; x_wconf 82' lang='lat' dir='ltr'>Chabrias</span> <span class='ocrx_word' id='word_1_23' title='bbox 358 430 444 478; x_wconf 89' lang='lat' dir='ltr'><strong>autem</strong></span> <span class='ocrx_word' id='word_1_24' title='bbox 457 422 535 494; x_wconf 91' lang='lat' dir='ltr'><strong>periit</strong></span> <span class='ocrx_word' id='word_1_25' title='bbox 547 421 616 476; x_wconf 83' lang='lat' dir='ltr'><strong>bello</strong></span> <span class='ocrx_word' id='word_1_26' title='bbox 632 421 722 477; x_wconf 86' lang='lat' dir='ltr'><strong>soelali</strong></span> <span class='ocrx_word' id='word_1_27' title='bbox 741 419 788 477; x_wconf 87' lang='lat' dir='ltr'><strong>tali</strong></span> <span class='ocrx_word' id='word_1_28' title='bbox 806 421 897 481; x_wconf 58' lang='lat' dir='ltr'><strong>mode,</strong></span> 
     </span>
     <span class='ocr_line' id='line_1_5' title="bbox 97 495 896 572; baseline -0.004 -18"><span class='ocrx_word' id='word_1_29' title='bbox 97 497 293 572; x_wconf 78' lang='lat' dir='ltr'><strong>oppugnabant</strong></span> <span class='ocrx_word' id='word_1_30' title='bbox 301 497 472 553; x_wconf 70' lang='lat' dir='ltr'><strong>Athenienses</strong></span> <span class='ocrx_word' id='word_1_31' title='bbox 483 496 591 553; x_wconf 81' lang='lat' dir='ltr'><strong>Chium.</strong></span> <span class='ocrx_word' id='word_1_32' title='bbox 624 497 687 552; x_wconf 88' lang='lat' dir='ltr'><strong>Erat</strong></span> <span class='ocrx_word' id='word_1_33' title='bbox 696 497 725 551; x_wconf 95' lang='lat' dir='ltr'><strong>in</strong></span> <span class='ocrx_word' id='word_1_34' title='bbox 734 495 819 551; x_wconf 78' lang='lat' dir='ltr'><strong>elaeae</strong></span> <span class='ocrx_word' id='word_1_35' title='bbox 827 496 896 553; x_wconf 88' lang='lat' dir='ltr'><strong>Cha·</strong></span> 
     </span>
     <span class='ocr_line' id='line_1_6' title="bbox 97 570 896 645; baseline -0.001 -17"><span class='ocrx_word' id='word_1_36' title='bbox 97 572 170 628; x_wconf 85' lang='lat' dir='ltr'><strong>brias</strong></span> <span class='ocrx_word' id='word_1_37' title='bbox 179 573 312 645; x_wconf 74' lang='lat' dir='ltr'><strong>privatam,</strong></span> <span class='ocrx_word' id='word_1_38' title='bbox 323 571 371 627; x_wconf 82' lang='lat' dir='ltr'><strong>sed</strong></span> <span class='ocrx_word' id='word_1_39' title='bbox 379 588 483 637; x_wconf 68' lang='lat' dir='ltr'><strong>omnm,</strong></span> <span class='ocrx_word' id='word_1_40' title='bbox 495 570 581 644; x_wconf 90' lang='lat' dir='ltr'><strong>quiin</strong></span> <span class='ocrx_word' id='word_1_41' title='bbox 591 571 745 643; x_wconf 84' lang='lat' dir='ltr'><strong>magistratu</strong></span> <span class='ocrx_word' id='word_1_42' title='bbox 754 578 838 636; x_wconf 86' lang='lat' dir='ltr'><strong>erant,</strong></span> <span class='ocrx_word' id='word_1_43' title='bbox 849 588 896 627; x_wconf 88' lang='lat' dir='ltr'><strong>au·</strong></span> 
     </span>
     <span class='ocr_line' id='line_1_7' title="bbox 97 645 895 719; baseline -0.003 -16"><span class='ocrx_word' id='word_1_44' title='bbox 97 648 212 703; x_wconf 79' lang='lat' dir='ltr'><strong>ctoritate</strong></span> <span class='ocrx_word' id='word_1_45' title='bbox 229 646 355 714; x_wconf 75' lang='lat' dir='ltr'><strong>anteibat3</strong></span> <span class='ocrx_word' id='word_1_46' title='bbox 379 663 494 718; x_wconf 87' lang='lat' dir='ltr'><strong>eumque</strong></span> <span class='ocrx_word' id='word_1_47' title='bbox 513 646 598 719; x_wconf 86' lang='lat' dir='ltr'><strong>magis</strong></span> <span class='ocrx_word' id='word_1_48' title='bbox 617 645 727 711; x_wconf 69' lang='lat' dir='ltr'><strong>milites,</strong></span> <span class='ocrx_word' id='word_1_49' title='bbox 746 662 832 717; x_wconf 86' lang='lat' dir='ltr'><strong>quam</strong></span> <span class='ocrx_word' id='word_1_50' title='bbox 848 645 895 719; x_wconf 87' lang='lat' dir='ltr'><strong>qui</strong></span> 
     </span>
     <span class='ocr_line' id='line_1_8' title="bbox 97 720 896 793; baseline -0.003 -16"><span class='ocrx_word' id='word_1_51' title='bbox 97 729 240 793; x_wconf 80' lang='lat' dir='ltr'><strong>praeerant,</strong></span> <span class='ocrx_word' id='word_1_52' title='bbox 252 720 439 792; x_wconf 84' lang='lat' dir='ltr'><strong>adspiciebant.</strong></span> <span class='ocrx_word' id='word_1_53' title='bbox 467 724 494 777; x_wconf 74' lang='grc'><strong>2.</strong></span> <span class='ocrx_word' id='word_1_54' title='bbox 509 720 631 786; x_wconf 82' lang='lat' dir='ltr'><strong>Quaeres</strong></span> <span class='ocrx_word' id='word_1_55' title='bbox 641 720 665 774; x_wconf 87' lang='lat' dir='ltr'><strong>ei</strong></span> <span class='ocrx_word' id='word_1_56' title='bbox 675 720 818 775; x_wconf 85' lang='lat' dir='ltr'><strong>maturavit</strong></span> <span class='ocrx_word' id='word_1_57' title='bbox 825 737 896 775; x_wconf 87' lang='lat' dir='ltr'><strong>mer·</strong></span> 
     </span>
     <span class='ocr_line' id='line_1_9' title="bbox 97 794 895 868; baseline -0.004 -17"><span class='ocrx_word' id='word_1_58' title='bbox 97 805 160 851; x_wconf 87' lang='lat' dir='ltr'><strong>tem.</strong></span> <span class='ocrx_word' id='word_1_59' title='bbox 198 797 266 850; x_wconf 90' lang='lat' dir='ltr'><strong>Nam</strong></span> <span class='ocrx_word' id='word_1_60' title='bbox 275 794 341 851; x_wconf 91' lang='lat' dir='ltr'><strong>dum</strong></span> <span class='ocrx_word' id='word_1_61' title='bbox 350 795 454 866; x_wconf 88' lang='lat' dir='ltr'><strong>primus</strong></span> <span class='ocrx_word' id='word_1_62' title='bbox 463 794 549 850; x_wconf 88' lang='lat' dir='ltr'><strong>studet</strong></span> <span class='ocrx_word' id='word_1_63' title='bbox 558 802 663 866; x_wconf 86' lang='lat' dir='ltr'><strong>portum</strong></span> <span class='ocrx_word' id='word_1_64' title='bbox 673 795 784 859; x_wconf 88' lang='lat' dir='ltr'><strong>intrare,</strong></span> <span class='ocrx_word' id='word_1_65' title='bbox 797 795 895 868; x_wconf 79' lang='lat' dir='ltr'><strong>guber·</strong></span> 
     </span>
     <span class='ocr_line' id='line_1_10' title="bbox 97 869 894 942; baseline -0.003 -17"><span class='ocrx_word' id='word_1_66' title='bbox 97 878 267 942; x_wconf 84' lang='lat' dir='ltr'><strong>naturamque</strong></span> <span class='ocrx_word' id='word_1_67' title='bbox 275 870 348 925; x_wconf 87' lang='lat' dir='ltr'><strong>iubet</strong></span> <span class='ocrx_word' id='word_1_68' title='bbox 357 887 386 925; x_wconf 90' lang='lat' dir='ltr'><strong>eo</strong></span> <span class='ocrx_word' id='word_1_69' title='bbox 395 869 508 942; x_wconf 80' lang='lat' dir='ltr'><strong>dirigere</strong></span> <span class='ocrx_word' id='word_1_70' title='bbox 518 887 626 934; x_wconf 86' lang='lat' dir='ltr'><strong>navem,</strong></span> <span class='ocrx_word' id='word_1_71' title='bbox 641 869 760 940; x_wconf 73' lang='lat' dir='ltr'><strong>ipaasibi</strong></span> <span class='ocrx_word' id='word_1_72' title='bbox 770 869 894 940; x_wconf 78' lang='lat' dir='ltr'><strong>perniciei</strong></span> 
     </span>
     <span class='ocr_line' id='line_1_11' title="bbox 97 943 895 1014; baseline 0 -15"><span class='ocrx_word' id='word_1_73' title='bbox 97 943 156 1000; x_wconf 83' lang='lat' dir='ltr'><strong>luit.</strong></span> <span class='ocrx_word' id='word_1_74' title='bbox 185 943 274 1011; x_wconf 89' lang='lat' dir='ltr'><strong>Quum</strong></span> <span class='ocrx_word' id='word_1_75' title='bbox 284 944 568 1014; x_wconf 86' lang='lat' dir='ltr'><strong>enimeopenetrasset,</strong></span> <span class='ocrx_word' id='word_1_76' title='bbox 580 951 676 999; x_wconf 85' lang='lat' dir='ltr'><strong>eeterae</strong></span> <span class='ocrx_word' id='word_1_77' title='bbox 685 961 738 998; x_wconf 91' lang='lat' dir='ltr'><strong>uon</strong></span> <span class='ocrx_word' id='word_1_78' title='bbox 748 950 895 999; x_wconf 85' lang='lat' dir='ltr'><strong>suntseeu·</strong></span> 
     </span>
     <span class='ocr_line' id='line_1_12' title="bbox 96 1016 895 1091; baseline 0 -18"><span class='ocrx_word' id='word_1_79' title='bbox 96 1026 147 1073; x_wconf 85' lang='lat' dir='ltr'><strong>tae.</strong></span> <span class='ocrx_word' id='word_1_80' title='bbox 186 1017 244 1085; x_wconf 87' lang='lat' dir='ltr'><strong>Qun</strong></span> <span class='ocrx_word' id='word_1_81' title='bbox 257 1017 322 1074; x_wconf 86' lang='lat' dir='ltr'><strong>laete</strong></span> <span class='ocrx_word' id='word_1_82' title='bbox 337 1016 512 1073; x_wconf 79' lang='lat' dir='ltr'><strong>circumfusus</strong></span> <span class='ocrx_word' id='word_1_83' title='bbox 525 1018 641 1073; x_wconf 87' lang='lat' dir='ltr'><strong>hostium</strong></span> <span class='ocrx_word' id='word_1_84' title='bbox 658 1035 790 1073; x_wconf 76' lang='lat' dir='ltr'><strong>concursu</strong></span> <span class='ocrx_word' id='word_1_85' title='bbox 809 1036 895 1091; x_wconf 88' lang='lat' dir='ltr'><strong>quum</strong></span> 
     </span>
     <span class='ocr_line' id='line_1_13' title="bbox 97 1092 896 1167; baseline -0.001 -19"><span class='ocrx_word' id='word_1_86' title='bbox 97 1092 238 1150; x_wconf 80' lang='lat' dir='ltr'><strong>fortissime</strong></span> <span class='ocrx_word' id='word_1_87' title='bbox 247 1101 384 1167; x_wconf 79' lang='lat' dir='ltr'>pugnaret,</span> <span class='ocrx_word' id='word_1_88' title='bbox 396 1093 486 1158; x_wconf 89' lang='lat' dir='ltr'><strong>navis,</strong></span> <span class='ocrx_word' id='word_1_89' title='bbox 498 1101 580 1147; x_wconf 86' lang='lat' dir='ltr'><strong>rostro</strong></span> <span class='ocrx_word' id='word_1_90' title='bbox 589 1110 721 1164; x_wconf 85' lang='lat' dir='ltr'><strong>percussa,</strong></span> <span class='ocrx_word' id='word_1_91' title='bbox 732 1092 818 1164; x_wconf 86' lang='lat' dir='ltr'><strong>eoepit</strong></span> <span class='ocrx_word' id='word_1_92' title='bbox 827 1092 896 1148; x_wconf 88' lang='lat' dir='ltr'><strong>side-</strong></span> 
     </span>
     <span class='ocr_line' id='line_1_14' title="bbox 97 1166 896 1242; baseline 0.001 -20"><span class='ocrx_word' id='word_1_93' title='bbox 97 1185 135 1222; x_wconf 89' lang='lat' dir='ltr'><strong>re.</strong></span> <span class='ocrx_word' id='word_1_94' title='bbox 174 1172 200 1222; x_wconf 85' lang='lat'><strong>3.</strong></span> <span class='ocrx_word' id='word_1_95' title='bbox 221 1166 414 1242; x_wconf 83' lang='lat' dir='ltr'><strong>llinerelugere</strong></span> <span class='ocrx_word' id='word_1_96' title='bbox 424 1184 509 1239; x_wconf 90' lang='lat' dir='ltr'><strong>quum</strong></span> <span class='ocrx_word' id='word_1_97' title='bbox 519 1175 618 1238; x_wconf 85' lang='lat' dir='ltr'><strong>possut,</strong></span> <span class='ocrx_word' id='word_1_98' title='bbox 634 1167 658 1221; x_wconf 86' lang='lat' dir='ltr'><strong>si</strong></span> <span class='ocrx_word' id='word_1_99' title='bbox 667 1184 696 1221; x_wconf 92' lang='lat' dir='ltr'><strong>se</strong></span> <span class='ocrx_word' id='word_1_100' title='bbox 704 1167 732 1221; x_wconf 94' lang='lat' dir='ltr'><strong>in</strong></span> <span class='ocrx_word' id='word_1_101' title='bbox 743 1184 817 1223; x_wconf 86' lang='lat' dir='ltr'><strong>mare</strong></span> <span class='ocrx_word' id='word_1_102' title='bbox 826 1166 896 1223; x_wconf 82' lang='lat' dir='ltr'><strong>deie-</strong></span> 
     </span>
     <span class='ocr_line' id='line_1_15' title="bbox 97 1240 895 1315; baseline 0 -18"><span class='ocrx_word' id='word_1_103' title='bbox 97 1243 183 1308; x_wconf 82' lang='lat' dir='ltr'><strong>cisset,</strong></span> <span class='ocrx_word' id='word_1_104' title='bbox 194 1242 267 1315; x_wconf 86' lang='lat' dir='ltr'><strong>quod</strong></span> <span class='ocrx_word' id='word_1_105' title='bbox 276 1243 382 1299; x_wconf 76' lang='lat' dir='ltr'>suberat</span> <span class='ocrx_word' id='word_1_106' title='bbox 390 1240 481 1297; x_wconf 90' lang='lat' dir='ltr'><strong>classis</strong></span> <span class='ocrx_word' id='word_1_107' title='bbox 490 1240 699 1306; x_wconf 75' lang='lat' dir='ltr'><strong>Atheniensium,</strong></span> <span class='ocrx_word' id='word_1_108' title='bbox 711 1258 781 1314; x_wconf 88' lang='lat' dir='ltr'><strong>quaa</strong></span> <span class='ocrx_word' id='word_1_109' title='bbox 790 1241 895 1314; x_wconf 84' lang='lat' dir='ltr'><strong>excipe·</strong></span> 
     </span>
     <span class='ocr_line' id='line_1_16' title="bbox 97 1315 896 1391; baseline 0.001 -19"><span class='ocrx_word' id='word_1_110' title='bbox 97 1327 136 1373; x_wconf 90' lang='lat' dir='ltr'><strong>ret</strong></span> <span class='ocrx_word' id='word_1_111' title='bbox 149 1325 294 1374; x_wconf 84' lang='lat' dir='ltr'><strong>natantem:</strong></span> <span class='ocrx_word' id='word_1_112' title='bbox 314 1318 399 1390; x_wconf 87' lang='lat' dir='ltr'><strong>perire</strong></span> <span class='ocrx_word' id='word_1_113' title='bbox 411 1315 517 1383; x_wconf 90' lang='lat' dir='ltr'><strong>maluit,</strong></span> <span class='ocrx_word' id='word_1_114' title='bbox 536 1333 619 1391; x_wconf 90' lang='lat' dir='ltr'><strong>quam</strong></span> <span class='ocrx_word' id='word_1_115' title='bbox 632 1317 712 1371; x_wconf 87' lang='lat' dir='ltr'><strong>armis</strong></span> <span class='ocrx_word' id='word_1_116' title='bbox 726 1315 837 1372; x_wconf 83' lang='lat' dir='ltr'><strong>abiectis</strong></span> <span class='ocrx_word' id='word_1_117' title='bbox 850 1334 896 1373; x_wconf 85' lang='lat' dir='ltr'><strong>na-</strong></span> 
     </span>
     <span class='ocr_line' id='line_1_17' title="bbox 98 1389 896 1466; baseline -0.004 -18"><span class='ocrx_word' id='word_1_118' title='bbox 98 1410 158 1448; x_wconf 91' lang='lat' dir='ltr'><strong>vem</strong></span> <span class='ocrx_word' id='word_1_119' title='bbox 168 1393 328 1466; x_wconf 83' lang='lat' dir='ltr'><strong>relinquere,</strong></span> <span class='ocrx_word' id='word_1_120' title='bbox 345 1393 373 1447; x_wconf 92' lang='lat' dir='ltr'><strong>in</strong></span> <span class='ocrx_word' id='word_1_121' title='bbox 387 1409 441 1464; x_wconf 90' lang='lat' dir='ltr'><strong>qua</strong></span> <span class='ocrx_word' id='word_1_122' title='bbox 451 1390 534 1446; x_wconf 83' lang='lat' dir='ltr'><strong>luerat</strong></span> <span class='ocrx_word' id='word_1_123' title='bbox 543 1399 643 1447; x_wconf 81' lang='lat' dir='ltr'><strong>vacans.</strong></span> <span class='ocrx_word' id='word_1_124' title='bbox 681 1389 711 1445; x_wconf 82' lang='lat' dir='ltr'><strong>ul</strong></span> <span class='ocrx_word' id='word_1_125' title='bbox 720 1390 798 1447; x_wconf 83' lang='lat' dir='ltr'><strong>aeteri</strong></span> <span class='ocrx_word' id='word_1_126' title='bbox 812 1389 896 1447; x_wconf 78' lang='lat' dir='ltr'><strong>faeere</strong></span> 
     </span>
     <span class='ocr_line' id='line_1_18' title="bbox 97 1463 893 1540; baseline -0.001 -18"><span class='ocrx_word' id='word_1_127' title='bbox 97 1465 251 1532; x_wconf 89' lang='lat' dir='ltr'><strong>noluerunt,</strong></span> <span class='ocrx_word' id='word_1_128' title='bbox 266 1467 315 1540; x_wconf 91' lang='lat' dir='ltr'><strong>qui</strong></span> <span class='ocrx_word' id='word_1_129' title='bbox 329 1466 416 1522; x_wconf 87' lang='lat' dir='ltr'><strong>nando</strong></span> <span class='ocrx_word' id='word_1_130' title='bbox 430 1466 459 1521; x_wconf 92' lang='lat' dir='ltr'><strong>iu</strong></span> <span class='ocrx_word' id='word_1_131' title='bbox 472 1473 560 1520; x_wconf 87' lang='lat' dir='ltr'><strong>tutum</strong></span> <span class='ocrx_word' id='word_1_132' title='bbox 573 1472 757 1536; x_wconf 86' lang='lat' dir='ltr'><strong>pervenerunt.</strong></span> <span class='ocrx_word' id='word_1_133' title='bbox 795 1463 893 1533; x_wconf 78' lang='lat' dir='ltr'><strong>Atilla,</strong></span> 
     </span>
     <span class='ocr_line' id='line_1_19' title="bbox 96 1539 896 1613; baseline 0.003 -18"><span class='ocrx_word' id='word_1_134' title='bbox 96 1549 225 1613; x_wconf 85' lang='lat' dir='ltr'><strong>praestare</strong></span> <span class='ocrx_word' id='word_1_135' title='bbox 234 1541 370 1596; x_wconf 84' lang='lat' dir='ltr'><strong>honestam</strong></span> <span class='ocrx_word' id='word_1_136' title='bbox 379 1547 488 1595; x_wconf 87' lang='lat' dir='ltr'><strong>mortem</strong></span> <span class='ocrx_word' id='word_1_137' title='bbox 501 1540 655 1594; x_wconf 84' lang='lat' dir='ltr'><strong>existimans</strong></span> <span class='ocrx_word' id='word_1_138' title='bbox 669 1539 739 1610; x_wconf 81' lang='lat' dir='ltr'><strong>turpi</strong></span> <span class='ocrx_word' id='word_1_139' title='bbox 753 1539 838 1607; x_wconf 89' lang='lat' dir='ltr'><strong>vitae,</strong></span> <span class='ocrx_word' id='word_1_140' title='bbox 853 1556 896 1597; x_wconf 87' lang='lat' dir='ltr'><strong>eu-</strong></span> 
     </span>
     <span class='ocr_line' id='line_1_20' title="bbox 96 1613 730 1688; baseline -0.002 -19"><span class='ocrx_word' id='word_1_141' title='bbox 96 1614 188 1669; x_wconf 88' lang='lat' dir='ltr'><strong>minus</strong></span> <span class='ocrx_word' id='word_1_142' title='bbox 196 1631 320 1688; x_wconf 84' lang='lat' dir='ltr'><strong>pugnans</strong></span> <span class='ocrx_word' id='word_1_143' title='bbox 332 1613 389 1669; x_wconf 87' lang='lat' dir='ltr'><strong>telis</strong></span> <span class='ocrx_word' id='word_1_144' title='bbox 398 1613 516 1669; x_wconf 85' lang='lat' dir='ltr'><strong>hostium</strong></span> <span class='ocrx_word' id='word_1_145' title='bbox 526 1613 673 1669; x_wconf 86' lang='lat' dir='ltr'><strong>interiectus</strong></span> <span class='ocrx_word' id='word_1_146' title='bbox 682 1621 730 1669; x_wconf 86' lang='lat' dir='ltr'><strong>est.</strong></span> 
     </span>
    </p>
   </div>
   <div class='ocr_carea' id='block_1_3' title="bbox 292 1857 700 2020">
    <p class='ocr_par' dir='ltr' id='par_1_4' title="bbox 292 1857 700 2020">
     <span class='ocr_line' id='line_1_21' title="bbox 436 1857 553 1912; baseline 0 0"><span class='ocrx_word' id='word_1_147' title='bbox 436 1857 553 1912; x_wconf 84' lang='lat' dir='ltr'><strong>xm.</strong></span> 
     </span>
     <span class='ocr_line' id='line_1_22' title="bbox 292 1958 700 2020; baseline -0.007 -1"><span class='ocrx_word' id='word_1_148' title='bbox 292 1958 700 2020; x_wconf 79' lang='lat' dir='ltr'><strong>TlMOTHEUS.</strong></span> 
     </span>
    </p>
   </div>
   <div class='ocr_carea' id='block_1_4' title="bbox 438 2098 549 2154">
    <p class='ocr_par' dir='ltr' id='par_1_5' title="bbox 438 2098 549 2154">
     <span class='ocr_line' id='line_1_23' title="bbox 438 2098 549 2154; baseline -0.018 0"><span class='ocrx_word' id='word_1_149' title='bbox 438 2098 506 2154; x_wconf 79' lang='lat' dir='ltr'><strong>Car.</strong></span> <span class='ocrx_word' id='word_1_150' title='bbox 527 2099 549 2152; x_wconf 90' lang='lat'><strong>1.</strong></span> 
     </span>
    </p>
   </div>
   <div class='ocr_carea' id='block_1_5' title="bbox 96 2202 900 2738">
    <p class='ocr_par' dir='ltr' id='par_1_6' title="bbox 96 2202 900 2738">
     <span class='ocr_line' id='line_1_24' title="bbox 151 2202 896 2281; baseline 0.001 -14"><span class='ocrx_word' id='word_1_151' title='bbox 151 2202 344 2281; x_wconf 61' lang='lat' dir='ltr'><strong>Tumens,</strong></span> <span class='ocrx_word' id='word_1_152' title='bbox 375 2213 506 2272; x_wconf 81' lang='lat' dir='ltr'><strong>Coronis</strong></span> <span class='ocrx_word' id='word_1_153' title='bbox 534 2232 647 2279; x_wconf 79' lang='lat' dir='ltr'><strong>rurus,</strong></span> <span class='ocrx_word' id='word_1_154' title='bbox 677 2211 896 2270; x_wconf 76' lang='lat' dir='ltr'><strong>Arnaararrais.</strong></span> 
     </span>
     <span class='ocr_line' id='line_1_25' title="bbox 97 2287 897 2364; baseline -0.003 -20"><span class='ocrx_word' id='word_1_155' title='bbox 97 2290 145 2344; x_wconf 87' lang='lat' dir='ltr'><strong>Hie</strong></span> <span class='ocrx_word' id='word_1_156' title='bbox 158 2307 173 2344; x_wconf 84' lang='lat' dir='ltr'><strong>a</strong></span> <span class='ocrx_word' id='word_1_157' title='bbox 187 2297 259 2361; x_wconf 87' lang='lat' dir='ltr'><strong>patre</strong></span> <span class='ocrx_word' id='word_1_158' title='bbox 272 2296 402 2362; x_wconf 84' lang='lat' dir='ltr'><strong>aeeeptam</strong></span> <span class='ocrx_word' id='word_1_159' title='bbox 415 2290 527 2364; x_wconf 80' lang='lat' dir='ltr'><strong>gloriam</strong></span> <span class='ocrx_word' id='word_1_160' title='bbox 540 2288 632 2345; x_wconf 86' lang='lat' dir='ltr'><strong>multis</strong></span> <span class='ocrx_word' id='word_1_161' title='bbox 646 2287 720 2343; x_wconf 83' lang='lat' dir='ltr'><strong>auxit</strong></span> <span class='ocrx_word' id='word_1_162' title='bbox 740 2288 897 2345; x_wconf 83' lang='lat' dir='ltr'><strong>virtutibus.</strong></span> 
     </span>
     <span class='ocr_line' id='line_1_26' title="bbox 96 2363 898 2438; baseline 0.001 -20"><span class='ocrx_word' id='word_1_163' title='bbox 96 2364 159 2419; x_wconf 84' lang='lat' dir='ltr'><strong>Fuit</strong></span> <span class='ocrx_word' id='word_1_164' title='bbox 172 2364 243 2419; x_wconf 87' lang='lat' dir='ltr'><strong>enim</strong></span> <span class='ocrx_word' id='word_1_165' title='bbox 257 2363 384 2430; x_wconf 86' lang='lat' dir='ltr'><strong>disertus,</strong></span> <span class='ocrx_word' id='word_1_166' title='bbox 400 2365 526 2438; x_wconf 83' lang='lat' dir='ltr'><strong>impiger,</strong></span> <span class='ocrx_word' id='word_1_167' title='bbox 544 2364 702 2428; x_wconf 85' lang='lat' dir='ltr'><strong>laboriosus,</strong></span> <span class='ocrx_word' id='word_1_168' title='bbox 720 2366 758 2417; x_wconf 90' lang='lat' dir='ltr'><strong>rei</strong></span> <span class='ocrx_word' id='word_1_169' title='bbox 773 2363 898 2419; x_wconf 82' lang='lat' dir='ltr'><strong>militaria</strong></span> 
     </span>
     <span class='ocr_line' id='line_1_27' title="bbox 96 2436 899 2512; baseline 0 -19"><span class='ocrx_word' id='word_1_170' title='bbox 96 2440 205 2509; x_wconf 87' lang='lat' dir='ltr'><strong>peritus,</strong></span> <span class='ocrx_word' id='word_1_171' title='bbox 216 2456 302 2511; x_wconf 89' lang='lat' dir='ltr'><strong>neque</strong></span> <span class='ocrx_word' id='word_1_172' title='bbox 311 2441 401 2495; x_wconf 88' lang='lat' dir='ltr'><strong>minus</strong></span> <span class='ocrx_word' id='word_1_173' title='bbox 411 2441 523 2495; x_wconf 85' lang='lat' dir='ltr'><strong>civitatis</strong></span> <span class='ocrx_word' id='word_1_174' title='bbox 531 2438 681 2512; x_wconf 66' lang='lat' dir='ltr'><strong>regendae&lt;</strong></span> <span class='ocrx_word' id='word_1_175' title='bbox 705 2440 732 2494; x_wconf 73' lang='lat'><strong>2.</strong></span> <span class='ocrx_word' id='word_1_176' title='bbox 751 2436 837 2493; x_wconf 85' lang='lat' dir='ltr'><strong>Multa</strong></span> <span class='ocrx_word' id='word_1_177' title='bbox 846 2438 899 2493; x_wconf 91' lang='lat' dir='ltr'><strong>hu-</strong></span> 
     </span>
     <span class='ocr_line' id='line_1_28' title="bbox 99 2511 897 2586; baseline 0.003 -20"><span class='ocrx_word' id='word_1_178' title='bbox 99 2512 140 2568; x_wconf 89' lang='lat' dir='ltr'><strong>ius</strong></span> <span class='ocrx_word' id='word_1_179' title='bbox 157 2520 222 2569; x_wconf 86' lang='lat' dir='ltr'><strong>sunt</strong></span> <span class='ocrx_word' id='word_1_180' title='bbox 240 2512 370 2586; x_wconf 85' lang='lat' dir='ltr'><strong>praeclare</strong></span> <span class='ocrx_word' id='word_1_181' title='bbox 389 2513 468 2580; x_wconf 83' lang='lat' dir='ltr'><strong>laeta,</strong></span> <span class='ocrx_word' id='word_1_182' title='bbox 489 2513 536 2569; x_wconf 85' lang='lat' dir='ltr'><strong>aed</strong></span> <span class='ocrx_word' id='word_1_183' title='bbox 554 2514 618 2568; x_wconf 85' lang='lat' dir='ltr'><strong>haee</strong></span> <span class='ocrx_word' id='word_1_184' title='bbox 636 2512 752 2568; x_wconf 87' lang='lat' dir='ltr'><strong>maxime</strong></span> <span class='ocrx_word' id='word_1_185' title='bbox 772 2511 897 2568; x_wconf 84' lang='lat' dir='ltr'><strong>illustria.</strong></span> 
     </span>
     <span class='ocr_line' id='line_1_29' title="bbox 97 2584 899 2663; baseline 0.004 -23"><span class='ocrx_word' id='word_1_186' title='bbox 97 2584 237 2661; x_wconf 81' lang='lat' dir='ltr'><strong>Olynthios</strong></span> <span class='ocrx_word' id='word_1_187' title='bbox 246 2596 271 2644; x_wconf 89' lang='lat' dir='ltr'><strong>et</strong></span> <span class='ocrx_word' id='word_1_188' title='bbox 279 2591 419 2663; x_wconf 84' lang='lat' dir='ltr'><strong>Byzantios</strong></span> <span class='ocrx_word' id='word_1_189' title='bbox 428 2587 496 2645; x_wconf 89' lang='lat' dir='ltr'><strong>bello</strong></span> <span class='ocrx_word' id='word_1_190' title='bbox 506 2588 621 2662; x_wconf 70' lang='lat' dir='ltr'><strong>subegit.</strong></span> <span class='ocrx_word' id='word_1_191' title='bbox 659 2586 769 2643; x_wconf 86' lang='lat' dir='ltr'><strong>Samum</strong></span> <span class='ocrx_word' id='word_1_192' title='bbox 779 2587 899 2659; x_wconf 63' lang='lat' dir='ltr'><strong>capitia</strong></span> 
     </span>
     <span class='ocr_line' id='line_1_30' title="bbox 97 2661 900 2738; baseline 0.001 -22"><span class='ocrx_word' id='word_1_193' title='bbox 97 2677 149 2724; x_wconf 81' lang='lat' dir='ltr'><strong>uua</strong></span> <span class='ocrx_word' id='word_1_194' title='bbox 164 2664 341 2738; x_wconf 79' lang='lat' dir='ltr'><strong>oppugnanda</strong></span> <span class='ocrx_word' id='word_1_195' title='bbox 357 2664 491 2737; x_wconf 80' lang='lat' dir='ltr'><strong>superiore</strong></span> <span class='ocrx_word' id='word_1_196' title='bbox 508 2662 577 2727; x_wconf 88' lang='lat' dir='ltr'><strong>bello</strong></span> <span class='ocrx_word' id='word_1_197' title='bbox 590 2663 761 2719; x_wconf 77' lang='lat' dir='ltr'><strong>Athenienses</strong></span> <span class='ocrx_word' id='word_1_198' title='bbox 780 2661 856 2719; x_wconf 88' lang='lat' dir='ltr'><strong>mille</strong></span> <span class='ocrx_word' id='word_1_199' title='bbox 874 2668 900 2717; x_wconf 85' lang='lat' dir='ltr'><strong>et</strong></span> 
     </span>
    </p>
   </div>
   <div class='ocr_carea' id='block_1_6' title="bbox 0 0 952 3292">
    <p class='ocr_par' dir='ltr' id='par_1_7' title="bbox 0 0 952 3292">
     <span class='ocr_line' id='line_1_31' title="bbox 0 0 952 3292; baseline 0 0"><span class='ocrx_word' id='word_1_200' title='bbox 0 0 952 3292; x_wconf 95' lang='lat' dir='ltr'><strong> </strong></span> 
     </span>
    </p>
   </div>
  </div>
 </body>
</html>
