1896 3292
545 250 550 257 α

90 380 647 460 xmmmfflmmmm
736 400 770 458 u

313 597 418 653 XXI.

153 700 228 760 [ΥΕ
283 699 587 763 REGIBUS.

310 838 380 896 Car.
400 840 422 896 1.

31 943 64 1010 Hi
76 952 131 1011 iera
142 954 249 1012 iuerunt
258 954 371 1012 Graecae
381 957 468 1032 gentis
480 956 570 1022 duces,
582 956 630 1030 qui
642 957 769 1012 memoria

34 1031 221 1098 ividebantur,
232 1044 334 1104 praeter
342 1050 426 1106 reges.
459 1033 580 1104 Namque
589 1049 634 1088 eos
643 1032 769 1106 attingere

32 1106 115 1172 ianus,
130 1105 203 1180 quod
215 1108 335 1163 omnium
348 1125 390 1163 res
402 1115 490 1182 gestae
501 1109 641 1181 separatim
653 1117 717 1163 sunt
728 1125 769 1163 re-

31 1204 44 1238 ¹.
82 1183 177 1254 Neque
187 1189 274 1237 tamen
287 1183 317 1239 hi
329 1182 474 1239 admodum
486 1194 549 1240 sunt
560 1183 648 1239 multi.
678 1187 705 1242 2.
719 1184 769 1239 La·

31 1256 153 1313 ananius
169 1266 257 1313 autem
269 1256 408 1388 Agesilaus
425 1260 545 1326 nomino,
564 1277 617 1316 nou
634 1266 766 1332 potestate,

31 1349 90 1402 rex,
112 1333 190 1388 sicuti
202 1333 280 1388 ceteri
311 1334 424 1405 pantani.
462 1335 504 1390 Ex
518 1335 643 1402 hisvero,
660 1335 708 1407 qui
722 1333 769 1390 do-

31 1416 100 1465 rtum
117 1408 227 1481 imperio
245 1416 398 1477 tenuerunt,
421 1408 632 1466 excellentissimi
650 1409 766 1476 suerunt,

31 1499 60 1549 ορ
72 1481 236 1550 iudicamus,
255 1485 394 1542 Persarum
406 1485 494 1561 Cyrus
511 1495 536 1540 et
546 1485 654 1552 Darius,
673 1486 769 1559 Hysta-

41 1556 127 1616 fiiius:
148 1576 264 1632 quorum
281 1569 392 1633 uterque
406 1560 526 1633 privatus
543 1560 639 1616 virtute
655 1576 769 1634 regnum

31 1630 141 1709 rtbptus.
179 1634 252 1690 Prior
264 1634 361 1690 horum
374 1634 445 1708 apud
458 1636 616 1708 Massagetas
630 1635 658 1689 in
671 1634 770 1707 proelio

31 1704 76 1781 ὥς
104 1709 200 1766 Darius
216 1719 348 1766 senectute
363 1710 434 1766 diem
450 1710 515 1765 obiit
536 1726 701 1782 supremum.
740 1713 767 1766 3.

31 1793 111 1841 touut
127 1793 258 1857 praeterea
274 1785 394 1843 eiusdem
409 1786 527 1862 generis,
542 1785 659 1851 Xerxes,
678 1793 703 1840 et
715 1783 769 1842 duo

31 1875 134 1925 mes,
148 1860 294 1916 Macrochir
304 1868 330 1915 et
342 1861 475 1918 Mnemon.
507 1861 590 1917 Xerxi
602 1860 719 1916 maximo
730 1869 771 1916 est

31 1942 79 2002 tra,
89 1934 164 2009 quod
174 1936 299 1991 maximis
309 1946 368 2007 post
377 1936 516 1992 hominum
528 1937 683 1993 memoriam
696 1953 771 1991 exer·

31 2028 65 2069 ua
80 2018 149 2067 terra
165 2012 286 2084 marique
302 2009 402 2066 beiium
418 2010 506 2066 intulit
518 2009 650 2067 Graeciae.
689 2013 716 2067 i.
736 2011 770 2066 At

31 2085 113 2145 uctiir
124 2087 293 2158 praecipuam
305 2086 384 2141 habet
397 2086 503 2142 laudem
517 2086 696 2158 amplissimae
708 2085 770 2159 pui-

31 2160 166 2234 rimaaque
178 2162 293 2235 corporis
305 2159 417 2218 formae:
437 2179 518 2233 quam
532 2161 680 2217 incredibili
692 2180 771 2219 orna·

31 2236 117 2294 tirtute
129 2235 202 2293 beili.
241 2238 364 2310 Namque
375 2236 421 2292 iilo
433 2237 522 2292 Persea
535 2255 613 2292 nemo
625 2236 675 2293 iuit
687 2256 770 2295 mauu

31 2328 67 2369 ar.
104 2312 230 2369 Mnemon
247 2320 334 2367 autem
351 2312 464 2368 iustitiae
479 2311 549 2367 fama
565 2311 662 2368 floruit.
701 2316 769 2369 Nam

31 2404 56 2445 m
70 2388 164 2444 matris
180 2404 244 2443 suae
260 2386 357 2443 scelere
372 2388 504 2442 amisisset
519 2405 643 2455 uxorem,
668 2396 769 2444 tantum

31 2461 80 2519 risit
90 2461 185 2528 dolori,
199 2470 229 2518 ut
242 2479 303 2518 eum
315 2463 398 2536 pietas
411 2463 534 2519 vinceret.
567 2467 594 2520 5.
608 2464 650 2519 Ex
662 2454 704 2518 his
716 2463 769 2518 duo

31 2552 61 2594 tn
80 2538 190 2595 uomina
211 2539 304 2594 morbo
322 2547 430 2594 naturae
448 2539 567 2594 debitum
586 2538 767 2594 reddiderunt:

31 2628 62 2669 ua
71 2615 106 2670 ab
118 2613 251 2669 Artabano
263 2613 390 2686 praesecto
403 2613 469 2670 terro
482 2615 634 2669 interemtus
647 2620 694 2668 est.

31 2686 59 2745 il.
76 2689 119 2745 Ex
131 2688 305 2745 Macedonum
317 2697 404 2744 autom
417 2699 494 2764 gente
507 2690 560 2745 duo
576 2688 660 2745 multo
672 2693 769 2744 eeteros

31 2771 163 2820 auserunt
193 2781 282 2820 rerum
311 2773 444 2839 gestarum
480 2765 576 2840 gioria:
618 2763 767 2836 Phiiippus,

31 2847 100 2911 totae
117 2839 204 2907 iilius,
223 2848 249 2895 et
264 2839 412 2896 Alexander
429 2843 551 2915 Magnus.
590 2839 690 2894 Horum
706 2837 770 2895 aiter

31 2912 102 3005 plane
113 2915 208 2972 morbo
219 2925 382 2985 consumtus,
397 2916 538 2992 Philippus
551 2912 633 2988 tegis
648 2915 785 2971 musa·

31 3006 85 3048 aaa.
102 2992 167 3048 Mra.
594 2991 621 3047 t}
869 3056 875 3103 ,-
