1896 3292
225 117 305 173 XIV.
326 114 519 170 DATrllllES.
540 114 622 170 CAP.
643 116 690 171 tv.
821 119 854 171 at

54 241 140 300 quam
154 232 271 297 satrapae
290 224 355 298 regii
407 240 462 278 rare
480 230 680 292 consueverant,
700 225 856 298 ornaritque

53 301 137 356 adam
155 307 247 371 torque
259 306 285 354 et
297 298 373 353 armil
386 298 408 353 ia
427 298 514 354 aureis
527 304 664 371 ceteroque
677 298 749 372 regio
766 298 852 368 cultn3

53 378 83 433 2.
102 375 174 447 ipsa,
190 375 285 449 agresti
298 372 398 445 duplici
413 372 526 429 amiculo
543 372 720 428 circumdatus
734 372 855 447 hir-taqua

54 451 160 519 tunica,
171 464 265 523 gerens
275 449 301 503 in
312 449 394 521 capita
402 447 504 522 galeam
514 448 687 514 venatoriam,
699 447 789 503 dextra
798 466 856 503 ma-

55 520 222 589 nn'claram,
238 524 343 578 sinistra
353 522 488 595 copulam,
504 522 623 579 vinctum
637 530 697 578 anta
709 540 738 578 sa
747 523 855 598 Thynm

55 598 163 673 agebat,
178 596 451 654 ntailerambastiam
459 597 684 670 captamduoeret.
723 601 749 653 3.
770 597 854 664 Quam

55 690 144 747 quum
162 688 254 728 omnes
272 673 448 745 prospicerent
466 680 569 745 propter
588 672 728 728 novitatem
747 680 855 728 ornatus

56 748 228 877 ignotamtppa
239 746 399 813 formam,oh
408 764 519 821 eamque
528 764 583 802 rem
593 764 707 822 magnus
716 757 783 803 esset
793 764 856 803 cou-

55 838 165 893 wraus3
212 822 233 877 it
240 838 294 878 nou
304 839 390 888 nemo,
402 821 450 895 qni
460 829 608 897 agnosceret
616 823 734 898 Thynm,
745 823 855 897 regique

55 897 200 953 nuntiarat.
239 899 266 953 l.
285 898 324 953 Ao
336 897 423 970 primo
436 914 488 952 non
503 896 655 953 accredidit:
676 897 856 970 itaquaPhar-

55 972 190 1029 nabazum
208 972 282 1027 misit
299 971 473 1043 exploratum.
510 970 607 1045 Aquo
627 979 656 1027 ut
675 988 731 1027 rem
754 980 855 1046 gestam

55 1047 196 1119 comparit,
215 1046 304 1102 atatim
318 1045 420 1101 admitti
434 1046 523 1112 iussit,
544 1063 701 1120 magnopere
715 1044 856 1101 delectatus

55 1119 220 1195 qnnmlaoto
229 1129 287 1177 tum
297 1128 403 1187 ornatu,
420 1120 565 1193 inprimis,
582 1121 654 1193 quod
664 1120 761 1176 nobilis
770 1138 817 1177 rex
828 1121 856 1176 in

55 1202 210 1270 potestatam
232 1195 379 1269 inopinanti
406 1202 520 1251 venerat.
558 1198 585 1251 a.
610 1197 700 1268 ltaque
718 1195 857 1269 magnilica

55 1274 194 1327 Dammam
202 1270 327 1327 donatum
337 1272 371 1327 ad
380 1270 524 1326 exercitum
532 1270 619 1335 misit,
630 1269 677 1342 qui
688 1276 745 1324 tum
756 1276 857 1324 contra-

56 1346 175 1401 hebatur
186 1344 252 1400 dnos
263 1345 432 1402 Pharnabazo
444 1352 471 1400 ct
484 1345 631 1400 Tithrauste
645 1344 678 1399 ad
692 1343 792 1399 bellum
806 1343 857 1400 Aa·

54 1418 200 1495 gyptium,
209 1420 317 1494 parique
326 1439 402 1489 eam,
413 1427 493 1494 atqua
502 1419 569 1487 illos,
583 1420 693 1493 imperio
702 1436 759 1474 essa
768 1419 854 1476 iussit.

56 1498 151 1551 Postea
161 1510 222 1551 vero
230 1496 515 1568 quamPharnabazum
526 1513 573 1551 rex
582 1495 721 1561 revocavit,
733 1494 772 1550 illi
782 1512 857 1551 aum-

56 1588 102 1627 ma
117 1569 221 1643 imperii
229 1570 322 1626 tradita
331 1580 381 1630 est.

113 1645 160 1703 IV.
179 1645 228 1700 llio
244 1662 331 1719 quum
348 1646 466 1702 maximo
484 1644 572 1700 studio
585 1651 745 1717 compararet
758 1646 856 1700 exerci-

57 1728 132 1787 tum,
142 1716 346 1795 Aegyptumque
354 1719 483 1797 proticisci
493 1725 607 1793 pararet,
622 1720 710 1774 subito
720 1737 736 1775 a
745 1736 805 1850 rege
815 1718 857 1773 lit·

58 1804 128 1851 terae
136 1794 232 1851 suntal
242 1794 350 1861 missae,
362 1803 392 1850 ut
401 1795 494 1867 Aspim
504 1794 696 1869 aggrederetur,
708 1794 755 1866 qui
787 1802 857 1849 atao·

58 1870 134 1926 niam
146 1869 262 1925 tenebat:
283 1885 351 1941 quae
359 1886 425 1943 gens
435 1870 499 1925 iacet
507 1886 587 1942 supra
597 1867 730 1934 Ciliciam,
745 1870 857 1925 confinis

57 1944 247 2017 Cappadociae.
285 1946 312 2001 2.
332 1943 554 2017 Namqnarispis,
569 1942 712 2000 saltuosam
724 1944 857 2033 regionem

58 2018 224 2091 metallisque
234 2020 364 2075 munitam
374 2018 498 2082 incolens,
509 2017 659 2074 nouaclum
670 2018 778 2092 imperio
788 2020 857 2094 regia

59 2112 113 2150 non
127 2095 247 2167 parabat,
262 2094 310 2150 sed
322 2095 400 2150 etiam
410 2094 536 2149 finitimas
550 2094 668 2169 regiones
680 2096 805 2160 vexabat,
821 2103 854 2153 et.

58 2186 129 2241 quaa
145 2169 202 2243 regi
221 2176 396 2241 portarentur,
417 2169 570 2241 abripiebat.
609 2173 636 2226 3.
655 2166 788 2235 Datames‘,
808 2168 858 2222 etsi

59 2244 235 2319 longonbarat
244 2244 277 2299 ab
286 2243 330 2299 his
386 2244 504 2310 ionibus,
519 2245 712 2300 atamaiorere
724 2242 859 2299 abstrahe·

59 2318 151 2385 batur,
166 2326 253 2375 tamen
262 2319 333 2393 regis
343 2335 375 2375 vo
386 2320 468 2375 untati
478 2335 578 2375 morem
590 2319 736 2396 gerendum
745 2314 856 2389 putavit.

59 2396 152 2467 ltaque
160 2410 221 2449 cum
231 2393 336 2466 paucis,
352 2394 399 2449 sed
408 2395 474 2449 viris
484 2392 608 2461 fortibus,
626 2410 720 2450 navem
734 2406 859 2445 conscen-

10 2518 14 2533 .,
58 2468 112 2526 dit:
132 2468 302 2534 existimans,
318 2467 427 2541 idquod
436 2469 542 2535 accidit,
554 2463 859 2537 saciliuaaaimprudan-

59 2550 112 2601 tarn
121 2560 204 2617 parva
214 2559 297 2599 mann
309 2559 511 2616 oppressurum,
526 2561 607 2616 quam
618 2548 752 2614 paratum,
763 2555 859 2611 qnam-

61 2620 102 2676 via
111 2619 345 2693 magnoaxarcitu.
375 2621 401 2676 t.
420 2613 860 2689 llaodalatnainciliciummarae-
