1896 3292
75 163 124 221 tat
218 156 614 219 xxv.tus1ctJS.ctr.
634 158 724 217 xm.

73 269 133 327 eius
143 266 280 327 Αἰτίων
290 268 504 341 pussessionesin
512 268 721 341 prnenripterum
730 284 870 327 nurum

74 364 90 401 a
107 345 138 401 P.
158 343 311 410 Volumnio,
334 342 462 416 praefecto
475 341 581 401 fabrum
596 342 718 410 Antonii,
737 343 869 405 mian

74 418 200 485 relatum,
224 418 367 491 expadivit
405 420 433 475 a.
452 416 530 485 Quod
545 417 574 473 in
590 419 723 490 primenti
738 420 869 477 utinensi

75 493 232 553 laboriosius
243 511 279 551 au
290 492 432 568 gloriosius
448 490 536 559 fuerit,
549 490 660 549 difficile
674 492 730 548 fuit
740 493 868 556 indiam

74 569 148 643 quod
169 569 198 627 in
218 566 460 641 eommunieulb,
482 584 537 625 nen
556 567 868 643 mmnbsenuqrnn

73 651 223 718 praessum
233 643 333 701 amiens
343 642 428 699 asie
438 659 496 698 esse
506 658 593 708 eures,
606 642 746 716 cognitum
755 651 809 700 est.

129 719 202 775 Xlss.
222 719 315 793 Neque
324 734 388 774 vero
402 717 495 773 minus
510 716 556 773 iile
568 716 610 773 vir
620 717 710 773 honus
720 716 868 791 panisni-

75 793 124 849 lias
136 793 244 849 habitus
255 800 304 857 est,
318 810 400 865 quarn
412 792 489 848 nivis.
526 793 596 847 Nem
612 808 700 864 quum
711 800 784 849 esset
794 810 867 871 pem·

75 869 176 933 niosus‚
195 883 272 922 neme
288 866 334 922 illo
345 867 436 924 minus
448 866 499 922 fuit
509 884 597 933 emax,
608 865 701 923 minus
711 866 866 925 asdifieater.

75 944 168 1015 Neque
179 950 267 1028 tannen
286 960 338 998 non
355 942 492 1014 inprimis
501 942 569 998 bene
580 940 719 1008 nunaut,
732 942 866 1001 omnibus

75 1017 560 1165 mittamini&
569 1015 869 1149 iiiiiiiiffl

75 1175 127 1225 tate
137 1166 269 1225 relictam:
293 1168 371 1226 ouius
383 1166 526 1223 amoenitoe
537 1184 592 1223 non
602 1166 731 1233 aedificio.
745 1168 797 1223 sed
808 1166 868 1223 silva
909 1182 911 1188 ·

75 1243 221 1300 constabat.
258 1244 350 1315 Ipsum
365 1243 438 1299 onim
454 1249 567 1308 tentum,
584 1241 735 1313 antiquitus
745 1243 870 1299 mutitu-

75 1327 144 1386 tum‚
161 1318 224 1391 plus
239 1317 314 1384 salis,
331 1334 413 1391 quarn
429 1324 535 1373 sumtus
545 1316 672 1373 hahebatr
694 1316 726 1373 in
737 1334 797 1390 quo
807 1314 870 1375 nihii

75 1393 256 1459 eommutavit,
271 1392 359 1449 nisisi
391 1392 439 1449 uid
450 1398 577 1448 vetustate
587 1398 691 1447 manus
702 1398 755 1451 est.
794 1396 823 1449 3.
840 1392 871 1449 Ι]-

76 1486 123 1524 sus
135 1475 175 1525 est
186 1467 296 1533 familia,
307 1468 331 1523 si
343 1410 454 1525 utiiitate
465 1466 638 1523 iudieandum
648 1472 698 1532 est.
710 1465 829 1539 optimu
849 1466 871 1523 si

75 1543 169 1608 forma,
183 1542 233 1600 uix
243 1542 379 1599 mediocri.
416 1544 538 1615 Namque
549 1541 578 1597 in
587 1558 619 1597 aa
629 1548 706 1597 arant
715 1543 794 1613 pieri
806 1540 871 1599 litte-

76 1617 213 1683 ratissimi,
226 1624 386 1689 anagnostae
395 1616 498 1688 optimi.
511 1624 537 1673 st
548 1615 658 1689 plurimi
670 1615 786 1683 librarii.
798 1624 828 1673 nt
837 1632 869 1671 ne

76 1690 239 1764 pedisequus
254 1689 363 1763 quidem
380 1691 524 1764 quisquam
539 1698 616 1758 esset,
636 1690 687 1764 qui
702 1708 760 1749 non
770 1700 869 1749 utrum-

77 1784 131 1840 que
141 1765 239 1824 horum
249 1763 361 1840 pulehre
371 1764 455 1823 inuare
465 1773 562 1838 pesse.
600 1766 659 1821 Pari
671 1765 753 1823 mode
763 1765 871 1823 annu

77 1842 164 1908 ceteri,
175 1858 243 1915 quos
255 1839 344 1899 uultus
354 1839 513 1899 domesticus
521 1840 659 1907 desiderat,
670 1840 794 1912 adprim
799 1840 871 1899 honi.

78 1920 105 1972 t.
124 1918 217 1989 Neque
229 1924 316 1973 umen
327 1915 424 1973 horum
435 1933 609 1990 quemquam,
627 1915 682 1971 nisi
693 1916 768 1973 dorni
781 1924 871 1973 namna

77 1991 204 2064 domique
214 1989 321 2058 fastum,
335 1990 443 2049 habuit:
466 1992 540 2064 qnod
550 1998 590 2047 est
598 1991 708 2065 signum
720 2008 775 2047 non
787 1991 873 2047 seium

78 2065 264 2132 continentiae,
287 2066 335 2123 sed
349 2068 429 2124 etiarn
446 2066 605 2141 diligentiae.
643 2067 712 2122 Nona
728 2073 755 2123 st
766 2084 823 2122 non
835 2066 873 2121 in·

77 2148 250 2212 temperanter
257 2143 448 2215 eonoupiseere
462 2142 535 2215 quod
544 2160 559 2197 a
569 2140 694 2213 plurimis
700 2139 804 2208 videas,
814 2158 873 2197 enn-

77 2216 185 2272 tinentia
197 2215 275 2272 debst
285 2216 361 2279 duci:
387 2226 413 2274 et
423 2218 512 2289 potius
524 2216 670 2290 diligentia,
685 2233 769 2288 quam
781 2217 872 2288 pretio,

78 2307 244 2363 seraranan
253 2291 441 2349 msdiooeisest
450 2291 604 2349 industriae.
641 2293 669 2347 ὅ.
685 2289 813 2365 magam,
825 2308 876 2347 nou

79 2367 251 2441 magnifious3
277 2365 442 2439 splendidus,
461 2385 514 2423 non
531 2374 697 2434 sumtuosus3
722 2365 800 2421 omni
816 2365 877 2421 diii·

97 2443 166 2498 entia
176 2441 349 2508 mundiciam,
361 2460 414 2498 non
424 2440 593 2507 affluentiam,
604 2439 759 2496 affesshat.
781 2439 877 2514 Supei·

78 2459 123 2572 {x
134 2517 246 2582 medina,
266 2534 319 2575 non
332 2517 425 2582 multa,
443 2525 473 2573 ut
485 2517 514 2573 in
525 2523 646 2572 neutram
657 2522 760 2588 partem
771 2514 878 2588 sempi-

79 2592 103 2676 ci
116 2599 222 2678 posset..
251 2595 278 2649 6.
294 2593 349 2680 itae
360 2591 410 2649 hoo
418 2591 750 2679 praeteritaquarnquam
759 2588 863 2647 nonnul

80 2665 115 2721 hs
126 2666 184 2725 isse
195 2683 285 2723 visunt
297 2686 330 2723 ur
343 2674 449 2739 putem:
474 2683 561 2739 quum
574 2683 697 2740 inprimis
709 2664 801 2723 lautus
812 2681 864 2723 esst
