1896 3292
75 196 109 252 os
178 150 184 159 ¹
243 189 312 248 xx.
331 188 548 249 mumuou.
568 188 652 247 car.
671 188 709 250 v.

75 304 177 361 riosum
197 319 232 359 ex
251 319 296 359 ore
316 302 374 358 eius
395 301 469 357 exiit.
512 305 539 356 3.
563 299 616 366 Oui
639 299 768 373 quidem,

75 398 139 436 sues
152 378 242 434 leudes
255 377 357 434 audiret
369 376 527 449 praedicari,
546 393 697 449 numquam
715 378 791 433 aliud

75 473 158 530 quam
170 471 199 510 se
211 454 240 510 in
252 471 282 510 ea
295 471 324 509 re
335 453 466 508 maximas
478 451 531 507 diis
543 452 641 525 gratias
654 470 734 527 agere
747 466 791 527 atq

74 532 145 596 bere,
160 527 242 604 quod,
253 547 340 602 quum
349 528 466 584 Siciliam
478 544 593 582 recreare
604 529 791 585 constituissen

75 624 105 663 se
116 604 285 680 potissimum
297 603 392 659 ducem
404 620 463 659 esse
474 602 629 659 voluisseut.
670 605 697 660 l.
719 605 792 660 Nihil

76 698 166 739 rerum
178 681 357 736 humanarum
369 682 427 735 sine
439 679 549 734 deorum
563 677 674 733 numine
689 681 747 753 geri
764 699 791 753 pr

75 759 167 831 ltaque
177 773 242 811 sune
253 754 325 810 domi
338 754 465 811 sacellum
473 750 642 828 Αὐτοματίας
651 756 792 812 constituet

76 850 129 907 que
140 830 305 887 sanctissime
317 829 426 886 colebat.

130 907 164 964 v.
184 905 226 961 ad
238 906 307 961 hanc
318 906 436 962 hominis
451 903 621 962 excellentem
638 905 784 963 bonitatem

76 980 143 1039 biles
159 989 325 1038 accesserunt
340 999 428 1038 cesus.
467 983 535 1037 Nom
552 980 650 1055 proelia
668 985 789 1039 maxima

75 1059 120 1114 die
129 1075 181 1114 suo
192 1056 253 1114 lecit
263 1057 368 1114 omnia:
388 1075 443 1130 quo
455 1054 554 1113 lactum
566 1065 619 1121 est,
636 1065 666 1114 ut
677 1058 738 1115 eius
751 1059 793 1115 die

76 1132 155 1190 talem
172 1132 268 1189 festum
284 1132 392 1189 haberet
408 1133 532 1189 universa
549 1131 647 1188 Sicilia.
686 1136 715 1189 2.
736 1135 793 1191 lini

75 1209 139 1267 dam
154 1209 317 1276 lemestius,
335 1210 415 1265 homo
431 1208 553 1282 petulans
564 1215 590 1263 et
607 1209 743 1283 ingratus,
762 1228 793 1265 va

78 1286 154 1343 nium
170 1303 257 1360 quum
273 1282 352 1341 vellet
367 1285 516 1357 imponere,
540 1281 613 1357 quod
633 1300 696 1339 cum
716 1283 793 1341 illoc

76 1378 153 1437 agere
164 1361 269 1427 diceret,
284 1369 310 1416 et
320 1359 470 1433 complures
482 1360 688 1426 concurrissent,
703 1361 752 1434 qui
766 1378 793 1433 pr

75 1446 154 1493 tatem
167 1436 285 1493 hominis
296 1437 422 1492 menibus
434 1439 551 1492 coercere
559 1444 730 1492 conarentur:
745 1435 793 1492 Tin

76 1513 160 1568 oravit
171 1528 273 1578 omncs,
288 1529 322 1567 ne
334 1512 362 1567 id
374 1511 496 1568 lacerent.
530 1512 652 1584 Namque
665 1510 692 1565 ul
708 1518 737 1567 ut
750 1513 793 1569 Lei

75 1587 220 1659 ceterisque
237 1586 337 1651 liceret,
356 1604 385 1642 se
397 1587 529 1643 maximos
541 1585 793 1663 labores'summam

76 1662 138 1718 iisse
153 1659 280 1734 pericula.
318 1661 392 1716 llnnc
407 1663 479 1718 euim
497 1663 611 1735 speciem
624 1661 752 1719 libertatis
764 1680 793 1721 ea

75 1737 211 1805 omnibus,
225 1736 299 1810 quod
310 1736 427 1810 quisque
439 1737 524 1804 vellet,
537 1736 640 1825 legibus
653 1740 769 1812 experiri
783 1739 791 1795 Ι

76 1819 103 1870 3.
123 1814 210 1881 Idem,
225 1830 311 1888 quum
323 1811 434 1886 quidam
447 1813 572 1869 Lamestir
583 1813 693 1877 similis,
710 1816 793 1873 nomia

76 1898 224 1955 msenetus,
244 1891 273 1944 in
285 1889 409 1945 concione
421 1888 512 1963 populi
525 1888 558 1944 de
571 1889 650 1945 rebus
664 1893 747 1964 gestis
762 1894 793 1947 cir

74 1965 178 2021 trahere
189 1968 324 2037 coepisset,
335 1981 366 2020 ao
377 1964 506 2021 nonnulla
516 1964 683 2021 inveheretur
692 1967 721 2022 in
731 1968 793 2024 Tim

74 2048 111 2105 ta,
126 2039 203 2105 dixit,
219 2058 291 2096 nuuc
302 2040 410 2096 demum
423 2058 453 2097 sc
465 2041 518 2096 voti
531 2058 588 2096 esse
599 2040 767 2099 damnatum.

75 2133 128 2188 que
141 2115 190 2170 hoc
202 2133 218 2171 a
229 2115 282 2170 diis
298 2115 493 2172 immortalibus
508 2132 613 2188 semper
628 2129 780 2189 precntum,

75 2191 128 2247 lem
145 2190 290 2246 libertatem
307 2193 453 2248 restitueret
468 2192 655 2267 Syracusanis,
675 2193 704 2249 iu
721 2211 776 2267 qua

76 2267 176 2332 liceret,
195 2265 229 2322 (lo
245 2283 300 2339 quo
317 2267 407 2333 vellet,
426 2269 536 2340 impune
549 2267 644 2323 dicere.
684 2270 711 2323 l.
733 2269 782 2324 llio

75 2343 145 2398 diem
158 2359 315 2415 supremum
328 2343 444 2409 obiisset,
459 2343 565 2416 publice
577 2362 591 2398 e
601 2343 777 2419 Syracusanis
791 2364 793 2397 1

75 2419 186 2486 mnasio,
198 2417 271 2491 quod
281 2418 488 2476 Timoleonteum
498 2419 654 2494 appellatur,
670 2428 723 2476 tota
732 2420 794 2478 ‹relel

75 2493 172 2562 Sicilie,
187 2492 307 2569 sepultus
319 2501 368 2551 ost.
