<?xml version="1.0" encoding="UTF-8"?>
<!DOCTYPE html PUBLIC "-//W3C//DTD XHTML 1.0 Transitional//EN"
    "http://www.w3.org/TR/xhtml1/DTD/xhtml1-transitional.dtd">
<html xmlns="http://www.w3.org/1999/xhtml" xml:lang="en" lang="en">
 <head>
  <title>
</title>
<meta http-equiv="Content-Type" content="text/html;charset=utf-8" />
  <meta name='ocr-system' content='tesseract 3.04.00' />
  <meta name='ocr-capabilities' content='ocr_page ocr_carea ocr_par ocr_line ocrx_word'/>
</head>
<body>
  <div class='ocr_page' id='page_1' title='image "./corneliinepotis08nepogoog_0088.png"; bbox 0 0 1896 3292; ppageno 0'>
   <div class='ocr_carea' id='block_1_1' title="bbox 188 122 865 182">
    <p class='ocr_par' dir='ltr' id='par_1_1' title="bbox 188 122 865 182">
     <span class='ocr_line' id='line_1_1' title="bbox 188 122 865 182; baseline 0 -2"><span class='ocrx_word' id='word_1_1' title='bbox 188 123 268 181; x_wconf 82' lang='lat' dir='ltr'><strong>xvi.</strong></span> <span class='ocrx_word' id='word_1_2' title='bbox 289 123 518 181; x_wconf 71' lang='lat' dir='ltr'><strong>PELOPIDAS.</strong></span> <span class='ocrx_word' id='word_1_3' title='bbox 538 122 622 179; x_wconf 75' lang='lat' dir='ltr'><strong>chr.</strong></span> <span class='ocrx_word' id='word_1_4' title='bbox 641 123 691 182; x_wconf 82' lang='lat' dir='ltr'><strong>IV.</strong></span> <span class='ocrx_word' id='word_1_5' title='bbox 711 124 745 180; x_wconf 88' lang='lat' dir='ltr'><strong>V.</strong></span> <span class='ocrx_word' id='word_1_6' title='bbox 833 127 865 181; x_wconf 81' lang='lat'><strong>73</strong></span> 
     </span>
    </p>
   </div>
   <div class='ocr_carea' id='block_1_2' title="bbox 59 229 867 454">
    <p class='ocr_par' dir='ltr' id='par_1_2' title="bbox 59 229 867 454">
     <span class='ocr_line' id='line_1_2' title="bbox 60 229 866 307; baseline -0.005 -14"><span class='ocrx_word' id='word_1_7' title='bbox 60 236 136 293; x_wconf 89' lang='lat' dir='ltr'><strong>sicut</strong></span> <span class='ocrx_word' id='word_1_8' title='bbox 143 240 198 288; x_wconf 91' lang='lat' dir='ltr'><strong>erat</strong></span> <span class='ocrx_word' id='word_1_9' title='bbox 206 233 323 307; x_wconf 76' lang='lat' dir='ltr'><strong>signata,</strong></span> <span class='ocrx_word' id='word_1_10' title='bbox 338 231 544 306; x_wconf 83' lang='lat' dir='ltr'><strong>srrbpulrinum</strong></span> <span class='ocrx_word' id='word_1_11' title='bbox 554 229 713 297; x_wconf 89' lang='lat' dir='ltr'><strong>subiiciens,</strong></span> <span class='ocrx_word' id='word_1_12' title='bbox 727 237 757 287; x_wconf 81' lang='lat' dir='ltr'><strong>ia</strong></span> <span class='ocrx_word' id='word_1_13' title='bbox 771 243 866 289; x_wconf 81' lang='lat' dir='ltr'><strong>ercatr-</strong></span> 
     </span>
     <span class='ocr_line' id='line_1_3' title="bbox 59 304 866 380; baseline -0.005 -13"><span class='ocrx_word' id='word_1_14' title='bbox 59 307 518 380; x_wconf 65' lang='lat' dir='ltr'><strong>nurminquitdtffercrereccerce.</strong></span> <span class='ocrx_word' id='word_1_15' title='bbox 539 310 566 361; x_wconf 86' lang='grc'><strong>3.</strong></span> <span class='ocrx_word' id='word_1_16' title='bbox 576 304 611 362; x_wconf 78' lang='lat' dir='ltr'><strong>ht</strong></span> <span class='ocrx_word' id='word_1_17' title='bbox 620 304 661 361; x_wconf 91' lang='lat' dir='ltr'><strong>illi</strong></span> <span class='ocrx_word' id='word_1_18' title='bbox 669 322 770 372; x_wconf 87' lang='lat' dir='ltr'><strong>omnes,</strong></span> <span class='ocrx_word' id='word_1_19' title='bbox 780 324 866 379; x_wconf 92' lang='lat' dir='ltr'><strong>quum</strong></span> 
     </span>
     <span class='ocr_line' id='line_1_4' title="bbox 60 378 867 454; baseline -0.005 -13"><span class='ocrx_word' id='word_1_20' title='bbox 60 385 121 441; x_wconf 86' lang='lat' dir='ltr'><strong>iam</strong></span> <span class='ocrx_word' id='word_1_21' title='bbox 133 399 188 439; x_wconf 84' lang='lat' dir='ltr'><strong>uox</strong></span> <span class='ocrx_word' id='word_1_22' title='bbox 201 382 383 454; x_wconf 79' lang='lat' dir='ltr'><strong>prooessisset,</strong></span> <span class='ocrx_word' id='word_1_23' title='bbox 397 380 525 438; x_wconf 77' lang='lat' dir='ltr'><strong>vinolenti</strong></span> <span class='ocrx_word' id='word_1_24' title='bbox 533 378 729 446; x_wconf 82' lang='lat' dir='ltr'><strong>abcxsuiihus,</strong></span> <span class='ocrx_word' id='word_1_25' title='bbox 743 380 811 437; x_wconf 92' lang='lat' dir='ltr'><strong>duca</strong></span> <span class='ocrx_word' id='word_1_26' title='bbox 818 382 867 437; x_wconf 84' lang='lat' dir='ltr'><strong>Pe-</strong></span> 
     </span>
    </p>
   </div>
   <div class='ocr_carea' id='block_1_3' title="bbox 57 453 867 2693">
    <p class='ocr_par' dir='ltr' id='par_1_3' title="bbox 61 453 867 903">
     <span class='ocr_line' id='line_1_5' title="bbox 61 453 867 530; baseline -0.005 -15"><span class='ocrx_word' id='word_1_27' title='bbox 61 457 168 530; x_wconf 86' lang='lat' dir='ltr'><strong>lopida,</strong></span> <span class='ocrx_word' id='word_1_28' title='bbox 183 464 248 512; x_wconf 89' lang='lat' dir='ltr'><strong>sunt</strong></span> <span class='ocrx_word' id='word_1_29' title='bbox 256 454 392 513; x_wconf 83' lang='lat' dir='ltr'><strong>interfecti.</strong></span> <span class='ocrx_word' id='word_1_30' title='bbox 430 455 535 523; x_wconf 80' lang='lat' dir='ltr'><strong>Quibus</strong></span> <span class='ocrx_word' id='word_1_31' title='bbox 543 455 624 511; x_wconf 86' lang='lat' dir='ltr'><strong>rebus</strong></span> <span class='ocrx_word' id='word_1_32' title='bbox 633 453 770 521; x_wconf 84' lang='lat' dir='ltr'><strong>coniectis,</strong></span> <span class='ocrx_word' id='word_1_33' title='bbox 786 454 867 530; x_wconf 78' lang='lat' dir='ltr'><strong>vulgo</strong></span> 
     </span>
     <span class='ocr_line' id='line_1_6' title="bbox 61 528 867 604; baseline -0.005 -15"><span class='ocrx_word' id='word_1_34' title='bbox 61 531 182 589; x_wconf 84' lang='lat' dir='ltr'><strong>adarma</strong></span> <span class='ocrx_word' id='word_1_35' title='bbox 194 530 393 604; x_wconf 72' lang='lat' dir='ltr'>libertatemque</span> <span class='ocrx_word' id='word_1_36' title='bbox 406 538 509 595; x_wconf 82' lang='lat' dir='ltr'><strong>vocatu,</strong></span> <span class='ocrx_word' id='word_1_37' title='bbox 525 547 580 585; x_wconf 91' lang='lat' dir='ltr'><strong>non</strong></span> <span class='ocrx_word' id='word_1_38' title='bbox 593 528 681 586; x_wconf 88' lang='lat' dir='ltr'><strong>solum</strong></span> <span class='ocrx_word' id='word_1_39' title='bbox 695 530 743 602; x_wconf 94' lang='lat' dir='ltr'><strong>qui</strong></span> <span class='ocrx_word' id='word_1_40' title='bbox 758 530 787 585; x_wconf 91' lang='lat' dir='ltr'><strong>in</strong></span> <span class='ocrx_word' id='word_1_41' title='bbox 800 530 867 585; x_wconf 83' lang='lat' dir='ltr'><strong>urbe</strong></span> 
     </span>
     <span class='ocr_line' id='line_1_7' title="bbox 62 604 867 678; baseline -0.002 -16"><span class='ocrx_word' id='word_1_42' title='bbox 62 612 152 672; x_wconf 89' lang='lat' dir='ltr'><strong>erant,</strong></span> <span class='ocrx_word' id='word_1_43' title='bbox 163 605 211 661; x_wconf 93' lang='lat' dir='ltr'><strong>sed</strong></span> <span class='ocrx_word' id='word_1_44' title='bbox 219 606 298 662; x_wconf 89' lang='lat' dir='ltr'><strong>etiam</strong></span> <span class='ocrx_word' id='word_1_45' title='bbox 307 605 429 678; x_wconf 88' lang='lat' dir='ltr'><strong>undique</strong></span> <span class='ocrx_word' id='word_1_46' title='bbox 436 621 470 661; x_wconf 83' lang='lat' dir='ltr'><strong>cx</strong></span> <span class='ocrx_word' id='word_1_47' title='bbox 479 604 551 678; x_wconf 80' lang='lat' dir='ltr'><strong>agris</strong></span> <span class='ocrx_word' id='word_1_48' title='bbox 558 612 756 670; x_wconf 88' lang='lat' dir='ltr'><strong>concurrerunt,</strong></span> <span class='ocrx_word' id='word_1_49' title='bbox 767 605 867 676; x_wconf 90' lang='lat' dir='ltr'><strong>praesi-</strong></span> 
     </span>
     <span class='ocr_line' id='line_1_8' title="bbox 62 678 866 751; baseline -0.002 -14"><span class='ocrx_word' id='word_1_50' title='bbox 62 682 141 737; x_wconf 90' lang='lat' dir='ltr'><strong>dium</strong></span> <span class='ocrx_word' id='word_1_51' title='bbox 154 680 419 737; x_wconf 71' lang='lat' dir='ltr'><strong>Lacedaemoniorum</strong></span> <span class='ocrx_word' id='word_1_52' title='bbox 436 696 470 735; x_wconf 85' lang='lat' dir='ltr'><strong>ex</strong></span> <span class='ocrx_word' id='word_1_53' title='bbox 487 696 547 735; x_wconf 89' lang='lat' dir='ltr'><strong>arcs</strong></span> <span class='ocrx_word' id='word_1_54' title='bbox 562 678 734 751; x_wconf 85' lang='lat' dir='ltr'><strong>pepulerunt,</strong></span> <span class='ocrx_word' id='word_1_55' title='bbox 753 679 866 751; x_wconf 84' lang='lat' dir='ltr'><strong>patriam</strong></span> 
     </span>
     <span class='ocr_line' id='line_1_9' title="bbox 61 753 867 835; baseline -0.005 -22"><span class='ocrx_word' id='word_1_56' title='bbox 61 755 202 813; x_wconf 74' lang='lat' dir='ltr'>obsidione</span> <span class='ocrx_word' id='word_1_57' title='bbox 215 755 406 820; x_wconf 84' lang='lat' dir='ltr'><strong>liberaverunt,</strong></span> <span class='ocrx_word' id='word_1_58' title='bbox 425 762 542 809; x_wconf 76' lang='lat' dir='ltr'><strong>meteres</strong></span> <span class='ocrx_word' id='word_1_59' title='bbox 554 753 684 835; x_wconf 64' lang='lat' dir='ltr'><strong>Cadmeae</strong></span> <span class='ocrx_word' id='word_1_60' title='bbox 700 753 867 826; x_wconf 85' lang='lat' dir='ltr'><strong>occupandae</strong></span> 
     </span>
     <span class='ocr_line' id='line_1_10' title="bbox 62 827 759 903; baseline 0 -18"><span class='ocrx_word' id='word_1_61' title='bbox 62 830 161 903; x_wconf 86' lang='lat' dir='ltr'><strong>purtim</strong></span> <span class='ocrx_word' id='word_1_62' title='bbox 170 829 329 895; x_wconf 89' lang='lat' dir='ltr'><strong>occiderunt,</strong></span> <span class='ocrx_word' id='word_1_63' title='bbox 340 830 435 902; x_wconf 85' lang='lat' dir='ltr'><strong>partim</strong></span> <span class='ocrx_word' id='word_1_64' title='bbox 445 829 474 884; x_wconf 93' lang='lat' dir='ltr'><strong>in</strong></span> <span class='ocrx_word' id='word_1_65' title='bbox 483 827 608 884; x_wconf 82' lang='lat' dir='ltr'><strong>exsilium</strong></span> <span class='ocrx_word' id='word_1_66' title='bbox 617 831 759 885; x_wconf 86' lang='lat' dir='ltr'><strong>eieesrrmt.</strong></span> 
     </span>
    </p>

    <p class='ocr_par' dir='ltr' id='par_1_4' title="bbox 62 902 867 1793">
     <span class='ocr_line' id='line_1_11' title="bbox 120 902 866 977; baseline -0.004 -17"><span class='ocrx_word' id='word_1_67' title='bbox 120 905 165 961; x_wconf 85' lang='lat' dir='ltr'><strong>lv.</strong></span> <span class='ocrx_word' id='word_1_68' title='bbox 185 905 239 959; x_wconf 87' lang='lat' dir='ltr'><strong>Hoc</strong></span> <span class='ocrx_word' id='word_1_69' title='bbox 252 911 305 959; x_wconf 86' lang='lat' dir='ltr'><strong>tarn</strong></span> <span class='ocrx_word' id='word_1_70' title='bbox 321 903 425 959; x_wconf 88' lang='lat' dir='ltr'><strong>turbido</strong></span> <span class='ocrx_word' id='word_1_71' title='bbox 438 911 567 975; x_wconf 85' lang='lat' dir='ltr'><strong>ternpore,</strong></span> <span class='ocrx_word' id='word_1_72' title='bbox 587 902 656 958; x_wconf 89' lang='lat' dir='ltr'><strong>sicut</strong></span> <span class='ocrx_word' id='word_1_73' title='bbox 674 921 755 977; x_wconf 86' lang='lat' dir='ltr'><strong>supra</strong></span> <span class='ocrx_word' id='word_1_74' title='bbox 774 902 866 958; x_wconf 89' lang='lat' dir='ltr'><strong>docui-</strong></span> 
     </span>
     <span class='ocr_line' id='line_1_12' title="bbox 62 975 863 1050; baseline -0.002 -16"><span class='ocrx_word' id='word_1_75' title='bbox 62 996 136 1044; x_wconf 87' lang='lat' dir='ltr'><strong>mus,</strong></span> <span class='ocrx_word' id='word_1_76' title='bbox 146 976 357 1050; x_wconf 86' lang='lat' dir='ltr'><strong>Epaminondas,</strong></span> <span class='ocrx_word' id='word_1_77' title='bbox 369 976 457 1049; x_wconf 89' lang='lat' dir='ltr'><strong>quoad</strong></span> <span class='ocrx_word' id='word_1_78' title='bbox 465 992 527 1033; x_wconf 91' lang='lat' dir='ltr'><strong>cum</strong></span> <span class='ocrx_word' id='word_1_79' title='bbox 537 975 641 1033; x_wconf 87' lang='lat' dir='ltr'><strong>civibus</strong></span> <span class='ocrx_word' id='word_1_80' title='bbox 649 976 805 1033; x_wconf 77' lang='lat' dir='ltr'><strong>dimicatum</strong></span> <span class='ocrx_word' id='word_1_81' title='bbox 815 985 863 1041; x_wconf 86' lang='lat' dir='ltr'><strong>est,</strong></span> 
     </span>
     <span class='ocr_line' id='line_1_13' title="bbox 64 1050 866 1124; baseline -0.004 -15"><span class='ocrx_word' id='word_1_82' title='bbox 64 1053 137 1109; x_wconf 89' lang='lat' dir='ltr'><strong>domi</strong></span> <span class='ocrx_word' id='word_1_83' title='bbox 151 1053 258 1124; x_wconf 89' lang='lat' dir='ltr'><strong>quietus</strong></span> <span class='ocrx_word' id='word_1_84' title='bbox 273 1050 333 1107; x_wconf 89' lang='lat' dir='ltr'><strong>iuit.</strong></span> <span class='ocrx_word' id='word_1_85' title='bbox 371 1053 463 1123; x_wconf 89' lang='lat' dir='ltr'><strong>ltaque</strong></span> <span class='ocrx_word' id='word_1_86' title='bbox 475 1051 540 1107; x_wconf 89' lang='lat' dir='ltr'><strong>hacc</strong></span> <span class='ocrx_word' id='word_1_87' title='bbox 553 1050 748 1107; x_wconf 85' lang='lat' dir='ltr'><strong>liberandarum</strong></span> <span class='ocrx_word' id='word_1_88' title='bbox 762 1052 866 1107; x_wconf 86' lang='lat' dir='ltr'><strong>Theba-</strong></span> 
     </span>
     <span class='ocr_line' id='line_1_14' title="bbox 62 1123 866 1198; baseline -0.001 -16"><span class='ocrx_word' id='word_1_89' title='bbox 62 1144 126 1183; x_wconf 93' lang='lat' dir='ltr'><strong>rum</strong></span> <span class='ocrx_word' id='word_1_90' title='bbox 136 1126 242 1198; x_wconf 88' lang='lat' dir='ltr'><strong>pmpria</strong></span> <span class='ocrx_word' id='word_1_91' title='bbox 251 1124 310 1179; x_wconf 91' lang='lat' dir='ltr'><strong>laus</strong></span> <span class='ocrx_word' id='word_1_92' title='bbox 320 1123 513 1195; x_wconf 88' lang='lat' dir='ltr'><strong>estPeicpidae:</strong></span> <span class='ocrx_word' id='word_1_93' title='bbox 525 1131 623 1180; x_wconf 89' lang='lat' dir='ltr'><strong>ceterae</strong></span> <span class='ocrx_word' id='word_1_94' title='bbox 631 1124 684 1181; x_wconf 86' lang='lat' dir='ltr'><strong>iere</strong></span> <span class='ocrx_word' id='word_1_95' title='bbox 691 1143 784 1181; x_wconf 86' lang='lat' dir='ltr'><strong>omnes</strong></span> <span class='ocrx_word' id='word_1_96' title='bbox 794 1142 866 1181; x_wconf 88' lang='lat' dir='ltr'><strong>com-</strong></span> 
     </span>
     <span class='ocr_line' id='line_1_15' title="bbox 62 1197 866 1271; baseline -0.001 -15"><span class='ocrx_word' id='word_1_97' title='bbox 62 1218 161 1256; x_wconf 88' lang='lat' dir='ltr'><strong>munes</strong></span> <span class='ocrx_word' id='word_1_98' title='bbox 175 1216 238 1254; x_wconf 90' lang='lat' dir='ltr'><strong>cum</strong></span> <span class='ocrx_word' id='word_1_99' title='bbox 251 1197 445 1269; x_wconf 75' lang='lat' dir='ltr'><strong>Epaminonda.</strong></span> <span class='ocrx_word' id='word_1_100' title='bbox 483 1200 510 1254; x_wconf 64' lang='grc' dir='ltr'><strong>ἲ.</strong></span> <span class='ocrx_word' id='word_1_101' title='bbox 529 1198 652 1270; x_wconf 84' lang='lat' dir='ltr'><strong>Namque</strong></span> <span class='ocrx_word' id='word_1_102' title='bbox 664 1199 798 1255; x_wconf 77' lang='lat' dir='ltr'><strong>Leuctrica</strong></span> <span class='ocrx_word' id='word_1_103' title='bbox 815 1217 866 1271; x_wconf 93' lang='lat' dir='ltr'><strong>pu-</strong></span> 
     </span>
     <span class='ocr_line' id='line_1_16' title="bbox 62 1270 867 1351; baseline -0.001 -22"><span class='ocrx_word' id='word_1_104' title='bbox 62 1292 128 1351; x_wconf 80' lang='lat' dir='ltr'><strong>gna,</strong></span> <span class='ocrx_word' id='word_1_105' title='bbox 141 1274 296 1344; x_wconf 82' lang='lat' dir='ltr'><strong>imperatore</strong></span> <span class='ocrx_word' id='word_1_106' title='bbox 302 1270 499 1344; x_wconf 89' lang='lat' dir='ltr'><strong>Epaminonda,</strong></span> <span class='ocrx_word' id='word_1_107' title='bbox 510 1271 556 1326; x_wconf 92' lang='lat' dir='ltr'><strong>hic</strong></span> <span class='ocrx_word' id='word_1_108' title='bbox 564 1270 614 1326; x_wconf 84' lang='lat' dir='ltr'><strong>tuit</strong></span> <span class='ocrx_word' id='word_1_109' title='bbox 623 1271 680 1327; x_wconf 85' lang='lat' dir='ltr'><strong>dux</strong></span> <span class='ocrx_word' id='word_1_110' title='bbox 688 1271 801 1328; x_wconf 88' lang='lat' dir='ltr'><strong>delectae</strong></span> <span class='ocrx_word' id='word_1_111' title='bbox 810 1291 867 1328; x_wconf 90' lang='lat' dir='ltr'><strong>ma·</strong></span> 
     </span>
     <span class='ocr_line' id='line_1_17' title="bbox 64 1344 864 1493; baseline -0.003 -15"><span class='ocrx_word' id='word_1_112' title='bbox 64 1344 642 1493; x_wconf 53' lang='lat' dir='ltr'><strong>‘tricameratas‘</strong></span> <span class='ocrx_word' id='word_1_113' title='bbox 650 1348 864 1493; x_wconf 53' lang='lat' dir='ltr'><strong>taniam</strong></span> 
     </span>
     <span class='ocr_line' id='line_1_18' title="bbox 62 1438 866 1645; baseline 0 -18"><span class='ocrx_word' id='word_1_114' title='bbox 62 1438 461 1638; x_wconf 44' lang='lat' dir='ltr'><strong>armararii&amp;</strong></span> <span class='ocrx_word' id='word_1_115' title='bbox 470 1496 866 1645; x_wconf 63' lang='lat' dir='ltr'><strong>tedmarum</strong></span> 
     </span>
     <span class='ocr_line' id='line_1_19' title="bbox 62 1644 866 1719; baseline 0 -16"><span class='ocrx_word' id='word_1_116' title='bbox 62 1654 132 1703; x_wconf 86' lang='lat' dir='ltr'><strong>etus.</strong></span> <span class='ocrx_word' id='word_1_117' title='bbox 169 1647 290 1719; x_wconf 88' lang='lat' dir='ltr'><strong>Denique</strong></span> <span class='ocrx_word' id='word_1_118' title='bbox 298 1645 363 1701; x_wconf 89' lang='lat' dir='ltr'><strong>haec</strong></span> <span class='ocrx_word' id='word_1_119' title='bbox 370 1644 422 1703; x_wconf 87' lang='lat' dir='ltr'><strong>iuit</strong></span> <span class='ocrx_word' id='word_1_120' title='bbox 429 1645 509 1701; x_wconf 88' lang='lat' dir='ltr'><strong>altera</strong></span> <span class='ocrx_word' id='word_1_121' title='bbox 517 1662 629 1717; x_wconf 86' lang='lat' dir='ltr'><strong>persona</strong></span> <span class='ocrx_word' id='word_1_122' title='bbox 638 1645 752 1711; x_wconf 87' lang='lat' dir='ltr'><strong>Thebis,</strong></span> <span class='ocrx_word' id='word_1_123' title='bbox 766 1646 815 1701; x_wconf 89' lang='lat' dir='ltr'><strong>sed</strong></span> <span class='ocrx_word' id='word_1_124' title='bbox 827 1653 866 1703; x_wconf 81' lang='lat' dir='ltr'><strong>ta-</strong></span> 
     </span>
     <span class='ocr_line' id='line_1_20' title="bbox 62 1718 771 1793; baseline -0.001 -16"><span class='ocrx_word' id='word_1_125' title='bbox 62 1738 126 1777; x_wconf 86' lang='lat' dir='ltr'><strong>mon</strong></span> <span class='ocrx_word' id='word_1_126' title='bbox 136 1720 260 1787; x_wconf 83' lang='lat' dir='ltr'><strong>secunda,</strong></span> <span class='ocrx_word' id='word_1_127' title='bbox 272 1720 309 1775; x_wconf 88' lang='lat' dir='ltr'><strong>ita</strong></span> <span class='ocrx_word' id='word_1_128' title='bbox 317 1728 348 1777; x_wconf 89' lang='lat' dir='ltr'><strong>ut</strong></span> <span class='ocrx_word' id='word_1_129' title='bbox 355 1720 478 1793; x_wconf 86' lang='lat' dir='ltr'><strong>proxima</strong></span> <span class='ocrx_word' id='word_1_130' title='bbox 485 1728 555 1777; x_wconf 86' lang='lat' dir='ltr'><strong>esset</strong></span> <span class='ocrx_word' id='word_1_131' title='bbox 562 1718 771 1792; x_wconf 83' lang='lat' dir='ltr'><strong>Epaminondae.</strong></span> 
     </span>
    </p>

    <p class='ocr_par' dir='ltr' id='par_1_5' title="bbox 57 1792 866 2693">
     <span class='ocr_line' id='line_1_21' title="bbox 118 1792 864 1854; baseline -0.004 0"><span class='ocrx_word' id='word_1_132' title='bbox 118 1795 151 1854; x_wconf 87' lang='lat' dir='ltr'><strong>V.</strong></span> <span class='ocrx_word' id='word_1_133' title='bbox 172 1794 340 1853; x_wconf 86' lang='lat' dir='ltr'><strong>Conflictatus</strong></span> <span class='ocrx_word' id='word_1_134' title='bbox 362 1802 451 1852; x_wconf 84' lang='lat' dir='ltr'><strong>cutem</strong></span> <span class='ocrx_word' id='word_1_135' title='bbox 473 1802 514 1851; x_wconf 86' lang='lat' dir='ltr'><strong>est</strong></span> <span class='ocrx_word' id='word_1_136' title='bbox 535 1810 597 1849; x_wconf 88' lang='lat' dir='ltr'><strong>cum</strong></span> <span class='ocrx_word' id='word_1_137' title='bbox 616 1794 728 1851; x_wconf 89' lang='lat' dir='ltr'><strong>adversa</strong></span> <span class='ocrx_word' id='word_1_138' title='bbox 750 1792 864 1851; x_wconf 82' lang='lat' dir='ltr'><strong>fortune.</strong></span> 
     </span>
     <span class='ocr_line' id='line_1_22' title="bbox 62 1867 864 1940; baseline -0.001 -14"><span class='ocrx_word' id='word_1_139' title='bbox 62 1872 133 1927; x_wconf 88' lang='lat' dir='ltr'><strong>Nom</strong></span> <span class='ocrx_word' id='word_1_140' title='bbox 141 1876 167 1925; x_wconf 89' lang='lat' dir='ltr'><strong>et</strong></span> <span class='ocrx_word' id='word_1_141' title='bbox 176 1868 265 1936; x_wconf 91' lang='lat' dir='ltr'><strong>initio,</strong></span> <span class='ocrx_word' id='word_1_142' title='bbox 275 1869 344 1925; x_wconf 76' lang='lat' dir='ltr'><strong>sictut</strong></span> <span class='ocrx_word' id='word_1_143' title='bbox 353 1868 531 1935; x_wconf 81' lang='lat' dir='ltr'><strong>ostendimus,</strong></span> <span class='ocrx_word' id='word_1_144' title='bbox 541 1867 618 1925; x_wconf 77' lang='lat' dir='ltr'><strong>exsul</strong></span> <span class='ocrx_word' id='word_1_145' title='bbox 628 1869 713 1940; x_wconf 78' lang='lat' dir='ltr'><strong>pauiu</strong></span> <span class='ocrx_word' id='word_1_146' title='bbox 721 1869 818 1934; x_wconf 87' lang='lat' dir='ltr'><strong>caruit,</strong></span> <span class='ocrx_word' id='word_1_147' title='bbox 829 1878 864 1934; x_wconf 90' lang='lat' dir='ltr'><strong>et,</strong></span> 
     </span>
     <span class='ocr_line' id='line_1_23' title="bbox 61 1943 866 2018; baseline -0.004 -18"><span class='ocrx_word' id='word_1_148' title='bbox 61 1961 150 2018; x_wconf 89' lang='lat' dir='ltr'><strong>quum</strong></span> <span class='ocrx_word' id='word_1_149' title='bbox 164 1943 328 1999; x_wconf 77' lang='lat' dir='ltr'><strong>Thessaliam</strong></span> <span class='ocrx_word' id='word_1_150' title='bbox 342 1944 371 2001; x_wconf 91' lang='lat' dir='ltr'><strong>in</strong></span> <span class='ocrx_word' id='word_1_151' title='bbox 389 1949 542 2015; x_wconf 79' lang='lat' dir='ltr'><strong>potestatem</strong></span> <span class='ocrx_word' id='word_1_152' title='bbox 555 1943 741 1999; x_wconf 78' lang='lat' dir='ltr'><strong>Thrahaucrum</strong></span> <span class='ocrx_word' id='word_1_153' title='bbox 760 1953 866 2016; x_wconf 78' lang='lat' dir='ltr'><strong>ciperet</strong></span> 
     </span>
     <span class='ocr_line' id='line_1_24' title="bbox 61 2017 863 2092; baseline -0.004 -17"><span class='ocrx_word' id='word_1_154' title='bbox 61 2018 190 2092; x_wconf 79' lang='lat' dir='ltr'><strong>redigere,</strong></span> <span class='ocrx_word' id='word_1_155' title='bbox 197 2018 388 2092; x_wconf 76' lang='lat' dir='ltr'><strong>legationisque</strong></span> <span class='ocrx_word' id='word_1_156' title='bbox 397 2018 455 2073; x_wconf 89' lang='lat' dir='ltr'><strong>iure</strong></span> <span class='ocrx_word' id='word_1_157' title='bbox 466 2017 532 2073; x_wconf 87' lang='lat' dir='ltr'><strong>satis</strong></span> <span class='ocrx_word' id='word_1_158' title='bbox 540 2025 636 2073; x_wconf 90' lang='lat' dir='ltr'><strong>tectum</strong></span> <span class='ocrx_word' id='word_1_159' title='bbox 646 2034 675 2073; x_wconf 88' lang='lat' dir='ltr'><strong>sc</strong></span> <span class='ocrx_word' id='word_1_160' title='bbox 684 2018 863 2081; x_wconf 76' lang='lat' dir='ltr'><strong>arbitraretur,</strong></span> 
     </span>
     <span class='ocr_line' id='line_1_25' title="bbox 60 2092 865 2167; baseline -0.001 -18"><span class='ocrx_word' id='word_1_161' title='bbox 60 2094 136 2167; x_wconf 91' lang='lat' dir='ltr'><strong>quod</strong></span> <span class='ocrx_word' id='word_1_162' title='bbox 144 2092 216 2165; x_wconf 87' lang='lat' dir='ltr'><strong>apud</strong></span> <span class='ocrx_word' id='word_1_163' title='bbox 224 2109 317 2149; x_wconf 87' lang='lat' dir='ltr'><strong>omncs</strong></span> <span class='ocrx_word' id='word_1_164' title='bbox 325 2100 418 2167; x_wconf 81' lang='lat' dir='ltr'><strong>gentes</strong></span> <span class='ocrx_word' id='word_1_165' title='bbox 426 2099 549 2149; x_wconf 86' lang='lat' dir='ltr'><strong>sanctum</strong></span> <span class='ocrx_word' id='word_1_166' title='bbox 558 2101 784 2159; x_wconf 84' lang='lat' dir='ltr'><strong>essecousucsset,</strong></span> <span class='ocrx_word' id='word_1_167' title='bbox 798 2100 865 2166; x_wconf 83' lang='lat' dir='ltr'><strong>aty-</strong></span> 
     </span>
     <span class='ocr_line' id='line_1_26' title="bbox 60 2165 866 2238; baseline -0.004 -13"><span class='ocrx_word' id='word_1_168' title='bbox 60 2185 147 2225; x_wconf 87' lang='lat' dir='ltr'><strong>rauuc</strong></span> <span class='ocrx_word' id='word_1_169' title='bbox 158 2166 309 2225; x_wconf 79' lang='lat' dir='ltr'><strong>Alexandro</strong></span> <span class='ocrx_word' id='word_1_170' title='bbox 322 2168 436 2225; x_wconf 87' lang='lat' dir='ltr'><strong>Pheraeo</strong></span> <span class='ocrx_word' id='word_1_171' title='bbox 448 2165 531 2223; x_wconf 88' lang='lat' dir='ltr'><strong>simul</strong></span> <span class='ocrx_word' id='word_1_172' title='bbox 544 2183 607 2223; x_wconf 85' lang='lat' dir='ltr'><strong>curn</strong></span> <span class='ocrx_word' id='word_1_173' title='bbox 619 2168 734 2225; x_wconf 84' lang='lat' dir='ltr'><strong>Ismenia</strong></span> <span class='ocrx_word' id='word_1_174' title='bbox 747 2183 866 2238; x_wconf 88' lang='lat' dir='ltr'><strong>compre-</strong></span> 
     </span>
     <span class='ocr_line' id='line_1_27' title="bbox 59 2240 866 2313; baseline -0.006 -13"><span class='ocrx_word' id='word_1_175' title='bbox 59 2244 165 2300; x_wconf 84' lang='lat' dir='ltr'><strong>hensus</strong></span> <span class='ocrx_word' id='word_1_176' title='bbox 177 2242 207 2298; x_wconf 92' lang='lat' dir='ltr'><strong>iu</strong></span> <span class='ocrx_word' id='word_1_177' title='bbox 220 2240 328 2299; x_wconf 79' lang='lat' dir='ltr'><strong>vincula</strong></span> <span class='ocrx_word' id='word_1_178' title='bbox 340 2242 473 2299; x_wconf 87' lang='lat' dir='ltr'><strong>coniectus</strong></span> <span class='ocrx_word' id='word_1_179' title='bbox 484 2248 534 2297; x_wconf 87' lang='lat' dir='ltr'><strong>est.</strong></span> <span class='ocrx_word' id='word_1_180' title='bbox 572 2245 599 2301; x_wconf 74' lang='lat'><strong>2.</strong></span> <span class='ocrx_word' id='word_1_181' title='bbox 618 2241 866 2313; x_wconf 85' lang='lat' dir='ltr'><strong>iiuncEparuiunu-</strong></span> 
     </span>
     <span class='ocr_line' id='line_1_28' title="bbox 58 2314 866 2390; baseline -0.006 -17"><span class='ocrx_word' id='word_1_182' title='bbox 58 2318 111 2373; x_wconf 82' lang='lat' dir='ltr'><strong>das</strong></span> <span class='ocrx_word' id='word_1_183' title='bbox 124 2317 301 2389; x_wconf 85' lang='lat' dir='ltr'><strong>recuperavit,</strong></span> <span class='ocrx_word' id='word_1_184' title='bbox 316 2316 387 2373; x_wconf 86' lang='lat' dir='ltr'><strong>hello</strong></span> <span class='ocrx_word' id='word_1_185' title='bbox 398 2332 561 2390; x_wconf 77' lang='lat' dir='ltr'><strong>pernequam</strong></span> <span class='ocrx_word' id='word_1_186' title='bbox 574 2315 768 2373; x_wconf 74' lang='lat' dir='ltr'><strong>Alexandrum.</strong></span> <span class='ocrx_word' id='word_1_187' title='bbox 805 2314 866 2369; x_wconf 87' lang='lat' dir='ltr'><strong>Post</strong></span> 
     </span>
     <span class='ocr_line' id='line_1_29' title="bbox 59 2388 863 2465; baseline -0.006 -16"><span class='ocrx_word' id='word_1_188' title='bbox 59 2390 91 2449; x_wconf 94' lang='lat' dir='ltr'><strong>id</strong></span> <span class='ocrx_word' id='word_1_189' title='bbox 103 2388 203 2449; x_wconf 80' lang='lat' dir='ltr'><strong>factum</strong></span> <span class='ocrx_word' id='word_1_190' title='bbox 216 2408 366 2465; x_wconf 87' lang='lat' dir='ltr'><strong>numquam</strong></span> <span class='ocrx_word' id='word_1_191' title='bbox 379 2391 403 2447; x_wconf 90' lang='lat' dir='ltr'><strong>is</strong></span> <span class='ocrx_word' id='word_1_192' title='bbox 417 2390 508 2447; x_wconf 89' lang='lat' dir='ltr'><strong>animo</strong></span> <span class='ocrx_word' id='word_1_193' title='bbox 520 2390 618 2464; x_wconf 89' lang='lat' dir='ltr'><strong>placari</strong></span> <span class='ocrx_word' id='word_1_194' title='bbox 632 2391 717 2463; x_wconf 92' lang='lat' dir='ltr'><strong>potuit</strong></span> <span class='ocrx_word' id='word_1_195' title='bbox 725 2389 754 2445; x_wconf 89' lang='lat' dir='ltr'><strong>in</strong></span> <span class='ocrx_word' id='word_1_196' title='bbox 762 2404 838 2453; x_wconf 82' lang='lat' dir='ltr'><strong>euna,</strong></span> <span class='ocrx_word' id='word_1_197' title='bbox 849 2406 863 2444; x_wconf 91' lang='lat' dir='ltr'><strong>a</strong></span> 
     </span>
     <span class='ocr_line' id='line_1_30' title="bbox 57 2462 866 2541; baseline -0.005 -18"><span class='ocrx_word' id='word_1_198' title='bbox 57 2484 118 2541; x_wconf 91' lang='lat' dir='ltr'><strong>que</strong></span> <span class='ocrx_word' id='word_1_199' title='bbox 126 2473 182 2523; x_wconf 86' lang='lat' dir='ltr'><strong>eret</strong></span> <span class='ocrx_word' id='word_1_200' title='bbox 190 2465 314 2523; x_wconf 81' lang='lat' dir='ltr'><strong>violatus.</strong></span> <span class='ocrx_word' id='word_1_201' title='bbox 352 2468 444 2539; x_wconf 87' lang='lat' dir='ltr'><strong>itaque</strong></span> <span class='ocrx_word' id='word_1_202' title='bbox 456 2465 587 2538; x_wconf 89' lang='lat' dir='ltr'><strong>persuasit</strong></span> <span class='ocrx_word' id='word_1_203' title='bbox 596 2464 742 2528; x_wconf 79' lang='lat' dir='ltr'><strong>Thebanis,</strong></span> <span class='ocrx_word' id='word_1_204' title='bbox 758 2469 788 2516; x_wconf 88' lang='lat' dir='ltr'><strong>ut</strong></span> <span class='ocrx_word' id='word_1_205' title='bbox 799 2462 866 2519; x_wconf 85' lang='lat' dir='ltr'><strong>srib-</strong></span> 
     </span>
     <span class='ocr_line' id='line_1_31' title="bbox 57 2535 866 2627; baseline -0.007 -28"><span class='ocrx_word' id='word_1_206' title='bbox 57 2540 132 2599; x_wconf 88' lang='lat' dir='ltr'><strong>sidie</strong></span> <span class='ocrx_word' id='word_1_207' title='bbox 145 2539 296 2597; x_wconf 78' lang='lat' dir='ltr'><strong>Thessaliae</strong></span> <span class='ocrx_word' id='word_1_208' title='bbox 307 2540 548 2612; x_wconf 81' lang='lat' dir='ltr'><strong>proficiscerentur,</strong></span> <span class='ocrx_word' id='word_1_209' title='bbox 562 2546 743 2627; x_wconf 77' lang='lat' dir='ltr'><strong>tyrannosque</strong></span> <span class='ocrx_word' id='word_1_210' title='bbox 751 2535 810 2592; x_wconf 89' lang='lat' dir='ltr'><strong>eius</strong></span> <span class='ocrx_word' id='word_1_211' title='bbox 818 2554 866 2593; x_wconf 88' lang='lat' dir='ltr'><strong>ex-</strong></span> 
     </span>
     <span class='ocr_line' id='line_1_32' title="bbox 57 2610 864 2693; baseline -0.009 -17"><span class='ocrx_word' id='word_1_212' title='bbox 57 2614 199 2693; x_wconf 83' lang='lat' dir='ltr'><strong>pellerent.</strong></span> <span class='ocrx_word' id='word_1_213' title='bbox 237 2618 264 2671; x_wconf 85' lang='grc'><strong>3.</strong></span> <span class='ocrx_word' id='word_1_214' title='bbox 284 2614 369 2673; x_wconf 85' lang='lat' dir='ltr'><strong>Cuius</strong></span> <span class='ocrx_word' id='word_1_215' title='bbox 380 2614 445 2673; x_wconf 87' lang='lat' dir='ltr'><strong>helii</strong></span> <span class='ocrx_word' id='word_1_216' title='bbox 457 2632 543 2691; x_wconf 90' lang='lat' dir='ltr'><strong>quum</strong></span> <span class='ocrx_word' id='word_1_217' title='bbox 558 2631 584 2671; x_wconf 86' lang='lat' dir='ltr'><strong>er</strong></span> <span class='ocrx_word' id='word_1_218' title='bbox 594 2628 701 2671; x_wconf 85' lang='lat' dir='ltr'><strong>summa</strong></span> <span class='ocrx_word' id='word_1_219' title='bbox 713 2619 783 2669; x_wconf 81' lang='lat' dir='ltr'><strong>esset</strong></span> <span class='ocrx_word' id='word_1_220' title='bbox 795 2610 864 2679; x_wconf 90' lang='lat' dir='ltr'><strong>data,</strong></span> 
     </span>
    </p>
   </div>
   <div class='ocr_carea' id='block_1_4' title="bbox 0 0 952 3292">
    <p class='ocr_par' dir='ltr' id='par_1_6' title="bbox 0 0 952 3292">
     <span class='ocr_line' id='line_1_33' title="bbox 0 0 952 3292; baseline 0 0"><span class='ocrx_word' id='word_1_221' title='bbox 0 0 952 3292; x_wconf 95' lang='lat' dir='ltr'><strong> </strong></span> 
     </span>
    </p>
   </div>
  </div>
 </body>
</html>
