1906 3066
104 193 154 249 ru
239 185 359 249 xxur.
378 186 592 248 unuurrnn.
612 187 698 249 cnr.
716 189 772 250 x1.
849 172 852 177 ’
894 190 897 213 ‘

102 320 175 369 mus,
192 299 348 375 bellumque
362 300 432 357 inter
446 317 492 357 eos
507 300 648 376 gerebatur
662 308 690 358 et
703 302 773 359 meri
789 308 816 359 et
826 300 897 363 ture

102 378 163 446 Quo
179 379 266 453 magis
281 377 404 450 cupiebat
418 394 482 433 eum
498 376 630 433 llaunibnl
641 378 769 451 opprimi.
808 382 836 435 ³.
854 377 897 435 Sed

104 455 246 526 utrobique
261 454 395 509 Eumenes
406 452 475 540 plus
491 451 597 540 ualebat
607 464 714 539 propter
724 454 895 541 Romanorum

103 540 374 662 tltlllnllil
389 527 896 663 lntltlttttfiltlffiffl

103 683 125 738 it
138 683 275 738 rationem.
313 683 341 736 l.
361 678 451 736 Classe
462 679 555 753 paucu
566 679 663 736 diebus
673 690 751 737 erant
765 680 895 739 dueum

103 758 283 830 superabatur
294 756 407 812 navium
423 755 609 813 multitudine:
635 755 697 813 dolo
712 764 769 813 erat
783 774 896 833 pugnen-

103 834 184 898 dum,
207 849 295 905 quum
310 850 360 905 par
376 849 430 888 non
447 840 516 888 esset
531 832 625 888 armis.
663 833 809 905 Imperavit
824 846 896 907 quau

103 909 235 983 plurimas
251 916 393 963 venenatas
410 916 544 981 serpentes
555 908 633 964 viros
648 906 749 983 colligi,
767 906 896 983 usquein

104 1003 169 1041 vasa
182 982 271 1039 fictilia
280 983 385 1038 coelici.
424 986 452 1039 t.
472 985 574 1039 llarum
584 1001 672 1057 quum
684 983 839 1041 consederent
849 1000 897 1041 me-

124 1078 187 1116 nam
200 1059 409 1126 multitudinem,
423 1058 467 1114 die
479 1060 546 1133 ipso,
560 1077 616 1133 quo
627 1058 747 1116 [anunm
758 1068 815 1117 erat
824 1076 897 1117 nara·

104 1078 131 1193 ἢ
151 1135 296 1210 proelium,
319 1134 468 1191 classiarios
489 1142 627 1201 convocet,
650 1135 751 1208 bisque
771 1134 896 1209 prueipit

104 1230 198 1270 omnes
213 1220 245 1268 ut
261 1212 290 1267 in
306 1228 390 1266 unam
401 1212 531 1266 Eumenis
548 1211 619 1286 regis
630 1219 791 1267 concurrant
802 1226 896 1275 narem,

106 1308 121 1345 a
138 1289 231 1344 ceteris
246 1296 352 1343 tantum
367 1287 432 1341 satie
450 1286 573 1353 bebeant,
584 1304 616 1342 ne
626 1284 779 1358 defendere3
793 1286 824 1344 id
833 1284 897 1345 out

106 1364 167 1420 illos
187 1364 351 1436 serpentium
371 1360 543 1418 multitudine
563 1371 761 1419 consecuturos.
800 1367 829 1420 d.
852 1364 897 1419 ltu

106 1451 194 1496 autern
211 1458 266 1513 qua
284 1456 351 1495 nave
373 1438 519 1505 veheretur,
538 1446 570 1494 ut
585 1438 696 1503 scirent,
713 1456 745 1494 ee
759 1437 896 1503 bcturuut

106 1533 188 1588 quem
205 1517 228 1571 si
246 1521 292 1570 eut
309 1514 448 1586 cepissent,
467 1522 514 1571 eut
530 1513 730 1579 interfecissent,
749 1532 851 1590 magno
865 1513 897 1571 lta

106 1591 244 1663 pollicetur
256 1590 374 1661 praemio
385 1588 449 1645 lore.

161 1666 211 1720 Xl.
236 1664 293 1719 Tali
316 1665 492 1721 cohortatione
513 1664 632 1722 militum
652 1663 733 1731 lacte,
760 1662 897 1721 classiuel

14 1778 19 1793 .
107 1740 229 1815 utrisque
240 1741 269 1796 in
282 1740 412 1813 proelium
425 1739 574 1797 deducitur.
611 1741 732 1808 Quarum
744 1741 803 1796 ecio
813 1739 897 1807 correi

107 1826 173 1883 tuta,
187 1817 346 1890 priusquam
358 1817 468 1891 signum
480 1833 586 1891 pugneo
597 1815 712 1881 daretur,
726 1814 897 1879 Hannibale

106 1893 196 1967 palam
214 1892 309 1948 luceret
319 1894 387 1958 suis,
401 1909 456 1964 quo
468 1890 524 1948 loco
539 1893 673 1948 Eumenes
684 1900 763 1957 esset,
776 1889 897 1949 taeduit

107 1986 157 2024 um
169 1969 197 2023 in
210 1969 308 2040 scapha
320 1986 383 2024 oum
395 1968 508 2023 caduceo
519 1968 609 2023 mittit.
648 1971 676 2024 2.
695 1966 749 2035 Qui
761 1967 811 2023 ubi
820 1966 856 2024 ed
864 1982 897 2025 nt·

108 2061 156 2099 ver
176 2043 388 2099 adversariorum
407 2044 541 2117 pervenit,
558 2041 751 2116 epistolamque
770 2042 897 2099 ostendet

108 2136 244 2251 duffii?
253 2118 394 2267 tlsssll
409 2118 751 2266 tetllttltnttlll
757 2119 897 2268 ,limidi

108 2288 173 2348 poce
184 2278 252 2326 esset
263 2270 402 2342 scriptum.
439 2269 611 2335 Tabellarius,
626 2269 703 2325 ducis
714 2286 783 2325 neve
794 2269 897 2327 decim

109 2357 135 2404 tu
148 2348 215 2412 suis,
230 2345 331 2409 eodem,
345 2345 417 2400 uude
429 2354 485 2401 erat
495 2363 632 2419 egressus,
646 2362 676 2401 ee
687 2345 798 2418 recepit:
839 2349 866 2402 t.
881 2350 897 2401 e

109 2425 252 2487 Eumenes,
267 2420 351 2477 soluta
361 2421 480 2493 epistola,
494 2421 562 2477 nibil
576 2423 605 2477 in
615 2439 645 2476 ea
657 2420 763 2493 reperit,
776 2421 831 2477 uisi
839 2424 897 2495 quoi

110 2501 144 2557 ed
154 2498 318 2555 irridendum
328 2514 389 2552 eum
400 2498 549 2569 pertineret.
567 2497 704 2553 Cuiusetsi
713 2497 897 2553 causemmire

110 2576 198 2642 batur,
210 2592 296 2649 neque
305 2573 491 2645 reperiebatur,
504 2581 590 2629 tamen
601 2572 730 2646 proelium
740 2573 832 2629 statim
840 2588 897 2629 oum

111 2653 214 2707 mittere
226 2670 279 2707 nou
293 2649 434 2704 dubitavit.
472 2651 499 2704 l.
519 2650 620 2704 llorum
632 2649 661 2704 in
673 2665 805 2705 concursu
819 2648 897 2723 Btrhr

112 2728 141 2783 ni
154 2727 310 2783 llunnibalis
320 2732 457 2800 prueoepto
468 2725 588 2784 universi
600 2742 697 2783 nerem
707 2725 840 2781 Eumenis
850 2722 897 2781 ule
