1896 3292
79 196 114 253 92
210 192 296 249 XIX.
317 189 499 248 PllOCION.
519 188 604 247 chr.
623 188 681 248 111.
700 190 755 250 lv.

133 302 180 359 Ill.
200 303 282 358 Erant
293 319 324 358 eo
335 311 452 373 tempore
462 299 573 356 Athenis
585 299 653 356 dune
666 300 805 370 lectiones,

80 396 141 435 rum
154 398 207 435 una
221 378 312 451 populi
324 395 431 433 causam
443 377 545 451 agebat,
559 376 638 432 altera
650 379 809 451 optimatum

79 455 129 511 hae
141 465 196 511 erat
206 455 320 511 Phocion
331 463 357 509 et
367 454 512 508 Demetrius
523 452 674 509 Phalereus.
699 455 804 511 llarum

79 549 133 605 que
145 531 317 586 Macedonum
329 529 480 602 patrociniis
492 528 624 584 utebatur.
662 530 733 585 Nam
747 549 810 603 popr

80 606 294 681 Polysperohonti
304 605 439 672 lavabant;
450 605 588 675 optimates
597 620 659 659 cum
665 604 809 662 Cassandri

79 682 188 737 tiehant.
226 685 253 737 2.
273 682 381 736 Interim
398 699 413 735 a
429 680 649 754 Polysperchonte
665 679 809 739 Cassander

79 757 186 813 oedonia
199 756 295 829 pulsus
306 764 355 811 ast.
384 755 443 822 Quo
455 754 521 810 lacto
532 756 648 828 populus
657 757 809 828 superiorli

80 834 167 889 statim
179 832 261 887 duces
272 831 437 887 adversariae
450 829 568 886 lectionis
579 831 673 903 capitis
686 832 810 890 damnati

80 909 129 963 tria
146 907 260 980 pepulit3
287 907 316 963 in
332 907 376 961 his
394 907 550 962 Phocionem
569 914 595 962 et
611 908 778 964 Demetrium
795 912 810 966 l

80 1001 170 1039 reum:
190 983 277 1056 deque
288 999 318 1038 ea
331 1000 360 1038 re
376 980 474 1056 legatos
491 981 525 1036 ad
537 980 790 1056 Polysperchontem
803 1003 810 1041 r

79 1059 127 1132 qui
140 1059 175 1114 ab
187 1076 218 1114 eo
230 1065 353 1130 peterent,
368 1066 398 1113 ut
410 1076 458 1113 sua
470 1057 571 1113 decreta
583 1057 764 1116 confirmaret.
793 1064 809 1117 3

79 1134 170 1190 eodem
183 1134 313 1207 proiectus
325 1141 364 1189 est
375 1141 400 1188 et
414 1133 537 1189 Phocion.
566 1132 626 1200 Quo
638 1140 668 1188 ut
680 1136 766 1202 verrit,
779 1152 810 1192 ee

80 1210 151 1282 apud
169 1210 323 1283 Philippum
339 1227 429 1284 regem
446 1209 541 1274 verbo,
564 1208 667 1281 reipsa
684 1210 800 1282 quidem

79 1285 327 1360 Polysperchontem
341 1285 431 1340 iussus
442 1291 481 1340 est
493 1283 592 1340 dicere:
606 1301 725 1356 namque
738 1286 764 1343 is
776 1294 810 1343 tiu

79 1361 122 1435 gis
143 1363 222 1418 rebus
242 1368 368 1434 praeerat.
407 1362 433 1415 l.
454 1361 503 1415 llic
522 1359 556 1414 ab
573 1357 713 1433 Agnonide
735 1378 810 1419 nonu

79 1434 153 1509 quod
165 1439 287 1492 Piraeum
299 1434 422 1491 Nicanori
435 1433 601 1507 prodidisset,
616 1452 650 1490 ex
661 1435 770 1492 consilii
781 1454 810 1495 se

81 1512 116 1567 tia
129 1512 157 1567 in
169 1512 315 1568 emtorham
325 1512 468 1576 coniectus,
480 1509 597 1566 Athenas
605 1509 737 1567 deductus
748 1520 799 1581 est,

79 1585 113 1643 de
125 1604 156 1642 eo
168 1584 272 1661 legibus
286 1587 358 1641 heret
371 1585 510 1641 iudicium.

136 1662 181 1717 IV.
201 1663 259 1716 lluc
270 1661 318 1716 ubi
329 1668 485 1733 perventum
499 1669 546 1727 est,
558 1678 645 1734 quum
656 1669 766 1734 propter
776 1680 810 1720 ae

80 1736 193 1809 pedihus
207 1737 259 1792 iam
272 1753 325 1792 non
338 1735 449 1802 valeret,
464 1736 639 1809 vehiculoque
650 1746 810 1809 portaretur,

79 1813 127 1887 gui
139 1830 283 1869 concursus
295 1819 359 1868 sunt
372 1810 445 1877 lacti,
459 1829 546 1884 quum
558 1812 613 1877 alii,
628 1813 810 1871 reminiscente

81 1889 142 1943 teris
155 1887 251 1954 lamae,
265 1888 355 1944 aetatis
367 1888 566 1955 misererentur;
586 1886 697 1959 plurimi
709 1906 776 1945 vero
787 1890 810 1947 ir

80 1973 235 2020 acuerentur
245 1972 351 2037 propter
363 1963 517 2036 proditionis
529 1963 705 2035 suspicionem
716 1964 810 2021 Piraei.

79 2040 217 2112 ximeque‚
231 2038 304 2113 quod
316 2039 444 2095 adversus
456 2037 697 2115 populicommoda
709 2038 740 2095 in
753 2058 810 2097 sena

79 2123 192 2171 steterat.
231 2119 258 2171 2.
282 2115 339 2182 Qua
356 2114 390 2170 de
406 2133 435 2170 re
451 2132 484 2170 ne
499 2113 638 2187 perorandi
654 2114 768 2187 quidem
783 2117 809 2171 ei

79 2201 118 2248 est
130 2189 248 2257 facultas,
262 2199 288 2246 et
300 2190 403 2246 dicendi
416 2208 533 2246 causam.
563 2188 627 2244 lnde
637 2189 746 2257 iudicio,
759 2190 810 2265 legi

78 2267 242 2341 quibusdam
254 2265 390 2331 conlectis,
409 2265 563 2331 damnatus,
584 2265 696 2321 traditus
708 2275 748 2321 est
760 2268 810 2322 uni

79 2345 154 2408 viris,
166 2343 267 2416 quibua
279 2342 313 2397 ad
325 2341 489 2414 supplicium
498 2356 571 2396 more
579 2340 784 2397 Atheniensium
794 2359 811 2414 p

78 2436 108 2475 ce
119 2419 236 2475 damnati
250 2418 316 2474 tradi
328 2419 422 2473 solent.
457 2421 484 2472 3.
504 2416 552 2470 Hie
563 2433 650 2488 quum
661 2416 696 2471 ad
707 2425 811 2473 merten

78 2504 193 2560 caretur,
215 2494 313 2551 obvius
328 2494 353 2548 ei
369 2491 421 2547 luit
436 2490 626 2566 Emphyletus‚
649 2509 705 2564 quo
720 2491 811 2548 lamilh

79 2568 162 2626 luerat
174 2588 251 2626 usus.
290 2571 316 2625 la
327 2585 414 2642 quum
427 2567 567 2623 lacrimans
576 2565 702 2623 dixisset:
722 2585 811 2638 equor

78 2650 159 2715 diune
168 2650 324 2715 perpeteris,
342 2645 468 2699 Phocion!
486 2643 550 2698 huio
563 2642 620 2708 ille,
633 2652 723 2698 utnon
735 2648 811 2712 inopi:

69 2719 177 2794 r‘uquit:
189 2725 261 2779 hunc
272 2724 343 2779 enim
354 2725 455 2778 exitum
466 2722 582 2792 purique
592 2721 661 2775 cleri
672 2724 726 2775 vire·
737 2721 811 2775 Moru
