1906 3066
238 186 349 249 XXIV.
369 186 482 247 CATO.
503 187 586 245 CAP.
606 189 628 244 1.
649 188 687 245 ll.
811 189 856 245 lll

388 391 529 446 xxlv.

164 494 203 557 bl
246 495 539 557 PORCIUS
584 494 759 555 CATO.

406 634 475 692 Car.
495 636 518 692 1.

116 738 217 816 Caro,
241 769 335 809 ouans
357 770 516 810 anarcrrro
539 753 687 819 Tuscum,
708 750 862 808 adulescen-

68 823 143 894 lnlns,
157 826 317 900 priusquam
330 828 476 885 bonoribus
484 846 590 902 operam
600 828 682 895 daret,
694 836 813 884 versatris
822 834 862 883 eat

66 900 91 959 ia
105 902 223 969 Sabinis,
241 903 315 976 qnod
331 904 369 959 ibi
382 904 520 961 heredium
533 923 548 961 a
560 913 635 979 patre
647 904 767 960 relictum
779 903 862 959 habe·

65 975 114 1035 iat
152 978 261 1034 Hortatn
281 979 314 1034 L.
337 979 432 1035 Valerii
453 979 554 1047 Flacci,
579 998 660 1054 quem
677 981 706 1036 in
722 979 861 1036 consulatu

65 1068 225 1126 censuraque
240 1053 334 1110 babuit
351 1055 487 1130 collegam,
506 1064 536 1112 ut
548 1057 585 1111 bl.
599 1058 727 1128 Perperna
740 1056 862 1112 Censori·

63 1144 95 1185 ns
110 1146 219 1185 narrare
235 1128 328 1185 solitus
341 1138 388 1196 est,
404 1133 516 1187 Romam
528 1131 696 1205 demigravit,
711 1131 740 1185 in
753 1130 862 1203 loroque

63 1219 118 1261 esee
128 1204 224 1276 coepit.
262 1208 289 1261 2.
309 1206 430 1262 Primum
443 1205 606 1279 stipendium
619 1206 717 1260 meruit
728 1222 862 1260 annorum

62 1278 150 1347 dacem
166 1287 329 1357 septemque,
350 1280 384 1349 Q.
401 1282 493 1348 Fabio,
507 1283 545 1337 tt.
564 1280 675 1338 Claudio
687 1278 859 1336 Consulibus.

62 1354 197 1413 Tribunus
213 1355 330 1413 militnm
347 1357 375 1412 in
393 1357 482 1412 Sicilia
499 1355 560 1412 luit.
598 1354 663 1411 lnde
675 1363 705 1410 ut
717 1353 803 1419 rediit,
818 1372 862 1410 ca-

61 1438 111 1487 stra
133 1439 241 1487 aecnurs
261 1440 301 1487 est
321 1431 352 1488 C.
375 1432 480 1488 Claudii
492 1431 618 1496 Neronis,
641 1430 787 1505 magnique
802 1430 861 1485 eius

60 1522 136 1579 opera
149 1507 283 1563 aestimata
295 1515 334 1563 est
347 1507 375 1563 in
388 1508 487 1580 proelio
499 1509 570 1580 apud
582 1506 688 1571 Senam,
702 1522 757 1578 qno
769 1505 862 1561 cecidit

61 1581 223 1645 iiasdrubal,
242 1581 320 1638 frater
332 1583 497 1640 Hannibalis.
537 1587 563 1639 3.
584 1582 711 1649 Quaestor
721 1580 816 1655 obtigit
828 1583 859 1638 P.

61 1656 190 1723 lbicano,
204 1657 317 1725 consuli,
332 1676 393 1714 cum
406 1677 461 1732 quo
474 1676 527 1715 non
539 1676 587 1731 pro
599 1659 677 1713 sortis
690 1656 862 1713 necessitudi-

61 1750 93 1789 ne
104 1733 187 1789 vixit:
213 1750 330 1806 namque
341 1735 375 1790 ab
391 1752 422 1790 eo
433 1743 557 1808 perpetua
570 1733 696 1789 dissensit
707 1733 771 1788 vita.
809 1732 862 1787 Aa·

61 1806 121 1863 dilis
133 1806 221 1881 plebia
233 1807 317 1864 lactus
327 1817 365 1864 est
377 1827 440 1865 cnm
452 1811 484 1867 C.
498 1809 600 1865 lielvio.
639 1811 666 1864 l.
686 1809 792 1863 Praetor
800 1824 861 1879 pro-

61 1883 175 1939 vinciam
186 1883 301 1939 obtinuit
313 1883 471 1951 Sardiniam,
486 1902 519 1940 ax
531 1901 585 1956 qua
595 1890 718 1955 quaestor
726 1883 862 1954 superiora

61 1965 176 2031 empore
191 1976 225 2015 ex
237 1958 324 2015 lllrira
338 1960 465 2016 decedens
478 1959 511 2026 Q.
524 1958 644 2021 Ennium
661 1960 762 2030 poetam
776 1958 861 2014 dedu-

61 2041 148 2091 xerat:
173 2034 247 2106 quod
263 2053 316 2091 non
333 2035 444 2091 minoris
457 2035 636 2098 aestimamus,
651 2051 733 2106 qnam
745 2033 861 2108 quemli-

61 2107 102 2167 het
113 2109 312 2182 amplissimum
323 2110 520 2166 Sardiniensem
531 2108 709 2181 triumphum.

112 2186 147 2241 11.
169 2184 340 2241 Consulatum
354 2185 435 2260 gessit
447 2204 509 2241 cum
522 2186 554 2241 L.
569 2185 671 2241 Valerio
683 2185 789 2250 Flacco,
803 2201 860 2240 sor-

61 2266 85 2315 ta
96 2260 262 2333 provinciam
280 2269 372 2317 nactus
385 2262 538 2335 Hispaniam
557 2261 716 2326 citeriorem,
731 2277 818 2332 exque
830 2276 861 2315 oa

60 2336 227 2408 triumphum
240 2335 394 2408 deportavit.
433 2342 459 2395 2.
480 2338 520 2392 Ibi
533 2336 733 2410 quamdiutius
745 2351 861 2390 morare-

60 2416 111 2477 lnr,
126 2413 157 2467 P.
170 2411 258 2483 Scipio
270 2411 418 2478 Africanus,
433 2411 532 2469 Consul
550 2413 654 2478 iterum,
674 2411 750 2466 cuins
763 2410 791 2489 in
805 2408 862 2481 pri-

59 2487 95 2542 ori
108 2486 251 2542 consulatu
262 2496 385 2559 quaestor
396 2487 489 2554 luerat,
508 2488 592 2544 voluit
603 2505 665 2543 enm
679 2486 712 2540 de
724 2483 860 2557 provincia

59 2560 197 2634 depellere,
210 2571 236 2617 et
246 2563 301 2635 ipse
313 2566 336 2619 ei
346 2564 494 2619 succedere.
523 2566 615 2636 Neque
625 2563 674 2617 hoc
683 2577 729 2632 per
738 2567 860 2614 senatum

59 2638 159 2694 allicere
169 2639 262 2710 potuit,
281 2657 366 2711 quum
379 2639 488 2711 quidem
501 2638 588 2712 Scipio
606 2638 633 2691 in
646 2636 750 2691 civitate
761 2635 861 2706 princi-

59 2722 151 2792 patum
161 2714 303 2772 obtineret:
324 2713 397 2790 quod
409 2725 467 2772 turn
480 2731 533 2777 non
545 2712 667 2788 mentia,
682 2710 730 2767 sed
739 2711 797 2768 iure
806 2728 860 2768 res·
