1906 3066
336 167 576 213 rnroueurn
806 175 850 229 {ei

57 267 133 305 temen
142 261 167 304 in
176 261 248 317 primo
258 260 377 309 librorum,
388 273 445 314 qnos
454 259 481 303 de
491 260 539 301 vite
548 256 612 301 illius
621 260 758 314 composuit,
767 276 855 307 errasse

58 320 155 367 videtur,
167 332 232 372 quum
243 331 292 361 eum
302 318 396 372 scripsit
405 321 451 358 tres
462 319 485 357 et
493 315 575 368 viginti
586 327 657 358 snnos
665 320 750 367 ustum,
760 320 854 372 primum

57 387 149 417 oensem
162 374 239 416 iudicii
253 373 341 428 publici
360 373 444 425 egisse,
463 369 604 422 Sextumque
618 371 721 414 Roscium
736 375 854 427 parricidii

56 443 120 472 reum
131 428 267 472 defendisse.
299 428 357 471 Gall.
366 427 420 477 XV,
430 430 464 469 28.
476 440 510 481 pr.
519 450 548 460 —
555 426 615 469 Vide
624 425 726 470 Wetsel.

99 485 119 526 F
120 489 195 528 rustrs
206 484 310 528 Tullium
320 485 461 540 snspicinsns.
489 483 571 525 Refert
580 483 640 525 eninr
650 481 718 525 Corn.
728 482 821 539 Nepos,
831 498 855 527 se

57 544 191 595 praesente,
207 543 286 584 iisdem
298 554 370 594 psene
379 539 454 581 verbis
464 540 545 594 quibus
555 539 618 581 edite
625 541 672 589 est,
687 552 788 594 cumpro
800 540 855 583 Cor·

57 594 126 646 nelio,
133 597 241 638 seditioso
249 596 359 646 Tribuno‚
368 595 522 638 defensionem
532 599 668 648 perosstsn.
682 594 776 639 Hieron.
787 597 855 650 epist.

57 650 147 702 txxl.
159 653 187 693 ed
197 651 362 695 Psmmsclrium
373 665 392 694 c.
402 655 422 693 4.

151 762 318 807 Erls‘ron.
343 763 389 805 AD
415 760 631 805 CICERONEM
654 761 724 805 ΗΒ.
742 762 762 805 1.

100 833 169 876 Cdrn.
184 833 264 889 Nepos
278 833 399 890 epistolem
416 833 542 876 Alexandri
556 834 586 876 ed
600 834 747 878 Aristotelem
761 835 854 879 lstinem

57 891 122 934 fecit.
131 890 162 931 V.
172 889 298 933 Durants'es
308 891 614 944 vm.11‚15.p.2se.b.tom.
625 894 645 933 3.
656 891 726 935 Thes.
733 892 799 935 (iret.
806 893 855 949 [K]

99 945 200 988 Tsntum
211 947 286 996 sbest‚
297 951 324 989 ut
334 959 374 999 ego
390 949 518 999 magistrum
533 959 583 988 esse
598 951 674 1001 putem
684 949 745 991 vitae
755 949 856 1003 pbiloso-

57 1002 134 1058 pbism
146 1002 269 1057 besteeque
278 1004 338 1045 vitee
349 1002 520 1056 perfectricem,
530 1008 557 1045 nt
567 1002 635 1045 nullis
645 1004 717 1055 munis
726 1006 855 1048 existimem

57 1072 116 1113 opns
130 1071 180 1100 esse
195 1059 313 1110 magistros
323 1060 425 1108 vivendi,
440 1071 504 1115 quem
514 1057 640 1114 plerisque,
656 1060 693 1112 qui
707 1061 730 1101 in
741 1073 768 1102 es
778 1062 856 1115 dispu-

56 1115 127 1157 tende
141 1118 266 1156 versentur.
294 1114 367 1156 Video
382 1116 441 1157 enim
456 1127 556 1166 magnum
573 1119 659 1168 purtem
675 1128 762 1165 eorum,
781 1119 856 1169 quiin

57 1168 136 1213 schole
146 1169 173 1212 de
184 1171 268 1224 pudore
279 1174 302 1212 et
312 1171 449 1213 continentie
460 1171 602 1223 praecipient
610 1171 759 1221 argutissime,
765 1172 856 1214 eosdem

57 1228 81 1269 in
95 1227 192 1268 omnium
206 1225 323 1268 libidinum
339 1225 504 1281 cupiditstibus
517 1227 599 1267 vivere.
629 1225 741 1268 Lactunt·
755 1226 799 1268 Ill.
811 1228 854 1269 div.

57 1283 110 1326 inst.
121 1295 140 1325 e.
152 1286 185 1332 15,
197 1286 229 1325 1⁰.

57 1392 255 1438 CICERONIS
274 1393 321 1436 Ab
342 1391 639 1436 connumerem
658 1391 856 1436 EPISTOLA·

322 1466 397 1508 RUbl
423 1465 535 1508 LIBER
552 1466 588 1508 11.

99 1539 177 1595 Itsqne
191 1541 275 1587 nostri,
290 1551 355 1591 quum
370 1539 455 1588 omnin,
466 1552 523 1591 quee
535 1539 682 1589 dixissemus,
697 1538 758 1582 dicte
768 1544 855 1583 essent:

57 1608 116 1649 ques
124 1596 199 1639 fscete
210 1599 233 1638 et
241 1596 342 1637 breviter
351 1598 374 1636 et
384 1600 448 1636 route
458 1592 527 1637 locuti
542 1608 652 1645 essemus,
667 1608 694 1637 es
707 1597 801 1651 proprio
815 1611 855 1639 no·

56 1653 117 1694 mine
127 1651 191 1694 dicta
200 1650 326 1693 voluerunt.
355 1649 460 1693 Macrob.
471 1650 563 1694 Suturn.
573 1651 589 1693 l.
600 1651 632 1694 ll.
644 1666 662 1694 c.
672 1650 692 1694 I.

141 1777 188 1821 An
212 1777 369 1822 liburnum
394 1778 443 1821 Ex
465 1777 573 1821 muno
597 1776 771 1821 INceuro.

10 1856 12 1863 '
98 1851 150 1895 lloc
161 1852 278 1894 restiterat
292 1854 370 1903 etiem,
385 1857 464 1895 utute
478 1853 537 1894 lictis
552 1851 689 1903 eslgrederer
703 1851 774 1893 donis.
784 1851 855 1896 Prs'sc.

10 1906 12 1922 ²
56 1919 127 1962 grem.
137 1905 153 1948 l.
163 1906 217 1949 Vll.
228 1906 270 1950 col.
280 1912 329 1952 792.

84 1963 144 2061 dtllui
154 1962 233 2013 babet,
242 1964 303 2007 ultro
314 1966 441 2021 sppetitnr;
456 1963 493 2018 qui
504 1965 540 2005 est
549 1974 648 2018 pauper,
658 1968 801 2016 aspernetur.
820 1964 855 2006 1u.

55 2033 83 2064 eo
101 2049 107 2062 .
128 2049 135 2060 .

99 2075 173 2125 Qnidt
188 2079 302 2119 erutorum
312 2090 376 2130 quem
387 2076 438 2118 huic
448 2077 573 2129 antepones
582 2087 666 2124 eornm,
677 2076 715 2127 qni
725 2075 782 2118 nibil
794 2077 855 2119 eliud

55 2133 166 2184 egerenti
181 2132 231 2186 quis
246 2133 365 2175 sententiis
379 2138 417 2174 sut
432 2132 518 2173 ecutior
531 2134 570 2172 eut
583 2129 696 2172 crebriori
717 2134 767 2185 quis
783 2134 856 2175 verbis

56 2192 96 2230 ent
105 2188 206 2230 ornatior
216 2193 255 2230 eut
264 2187 401 2242 elegantiori
417 2185 478 2230 Suet-
489 2187 513 2228 in
524 2185 589 2228 Caes.
599 2199 618 2229 c·
630 2190 664 2228 55.

99 2244 132 2286 Ut
146 2241 239 2287 Tollius
254 2245 329 2294 docet,
346 2242 488 2286 crudelitatis
502 2241 621 2296 increpans
633 2242 752 2286 caesarem
766 2245 788 2285 in
802 2256 856 2297 qus·

56 2300 108 2343 dem
118 2299 148 2342 ed
158 2297 270 2354 Nepotem
280 2298 386 2354 epistole.
414 2299 493 2353 Neque
503 2299 560 2340 enim
572 2299 693 2353 quidquem
704 2299 766 2341 eliud
776 2304 811 2342 est
821 2298 856 2340 fe-

10 2392 12 2403 .
55 2354 144 2405 licitus,
159 2357 242 2410 inquit,
257 2358 300 2398 nisi
312 2357 452 2398 honestorum
463 2368 536 2396 rerum
547 2357 697 2409 prosperitcs=
713 2352 760 2402 vel,
775 2359 800 2396 ut
810 2353 855 2395 elio

10 2446 12 2452 .
56 2412 123 2454 nodo
135 2411 250 2453 deliniam:
264 2412 374 2454 Felicitas
388 2417 424 2454 est
436 2411 528 2452 fortune
542 2411 646 2454 esliutrix
660 2408 805 2452 consiliorum
816 2411 855 2450 bo-

56 2481 149 2517 norum3
164 2469 245 2523 quibus
260 2469 297 2521 qui
312 2482 356 2511 nou
369 2470 451 2517 utitur,
470 2464 530 2508 felix
544 2466 606 2509 nullo
622 2469 689 2522 pecto
702 2478 753 2507 esse
771 2468 855 2520 potest.

55 2523 118 2576 Ergo
132 2524 156 2565 in
170 2525 267 2578 perditis
282 2525 401 2578 impiisque
416 2520 528 2571 consiliis,
543 2523 623 2575 quibus
634 2522 718 2563 Ceeser
731 2535 784 2562 usus
799 2526 855 2568 erut,

56 2579 121 2622 neuile
130 2581 207 2633 potuit
216 2593 266 2622 esse
275 2581 386 2630 felicites3
396 2577 530 2632 feliciorque
540 2578 681 2620 meoiudicio
693 2575 802 2619 Csmillus
812 2590 854 2618 ex·

58 2635 148 2685 sulsns,
163 2648 228 2692 quem
238 2637 378 2691 temporibus
389 2636 470 2678 iisdem
480 2631 589 2683 Msnlins,
600 2633 702 2681 etiamsi,
714 2633 738 2675 id
749 2634 807 2685 quod
818 2647 855 2674 cu·

58 2692 142 2747 ploret,
152 2706 244 2746 regnare
255 2693 374 2748 potuisset.
404 2690 515 2736 Ammian.
526 2689 601 2732 Marc.
611 2686 627 2729 l.
636 2685 706 2730 xxi.
716 2696 776 2732 extr.

650 2745 691 2802 12
