1896 3292
142 190 168 226 lv

145 293 367 369 conscripserat
389 303 486 352 autem
512 303 628 368 praeter
649 293 725 350 vitas
748 301 863 352 nostras
886 294 946 369 pri·

142 416 222 454 mum
241 398 383 462 cleonice,
403 413 505 469 eaque,
525 393 569 451 uti
586 396 688 452 saltem
704 394 829 451 Vossius
845 394 946 453 existi-

142 497 242 570 mavit,
257 515 311 572 pro
326 495 434 575 triplici
448 504 591 570 tempore,
606 489 696 568 ἀδήλῳ,
710 491 817 570 μυθικῷ
830 502 859 552 et
874 496 946 553 ἴστο-

141 596 203 675 ρικῷ
225 597 432 668 adornaverat,
456 613 574 654 omnem
590 595 622 652 in
639 594 675 652 iis
694 593 881 669 antiquorum
901 596 946 653 hi-

142 698 262 757 storiam
279 705 459 773 perseoutus.
495 694 584 768 Quod
601 687 675 771 o'pus
690 694 782 753 tribus
796 694 879 753 libris
895 697 945 755 ab·

142 799 269 856 solutum
290 796 390 869 fluisse,
406 815 444 853 cx
459 792 567 854 Catulli
585 795 711 854 carmine
729 794 823 870 primo
838 795 946 854 intelli·

141 899 232 976 gitur,
260 917 318 974 quo
342 897 392 955 ille
415 914 532 955 omnem
556 896 759 955 collectionem
783 897 944 954 carminum

141 1016 260 1058 suorum
279 995 417 1057 Cornelio
434 995 546 1070 Nepoti
561 995 686 1054 dedicat
720 996 816 1055 Porro
834 997 942 1056 librum

141 1101 176 1158 de
189 1098 318 1172 Rapitur,
340 1095 423 1155 cuius
440 1095 503 1171 ipse
521 1095 604 1154 testis
622 1095 714 1169 estin
730 1096 874 1173 principio
893 1118 943 1157 eo·

141 1218 219 1273 rum,
243 1216 318 1273 quae
337 1197 414 1256 etin
427 1195 507 1255 Vitis
524 1195 561 1253 de
572 1196 693 1272 regibus
711 1215 943 1258 commemoran-

140 1309 197 1358 tur.
239 1295 424 1376 singularem
443 1297 511 1355 dein
528 1297 694 1372 composuit
708 1298 816 1357 librum
833 1303 868 1360 de
888 1301 942 1359 Oa·

141 1410 213 1468 tone,
233 1398 390 1470 Censorio,
408 1396 452 1456 uti
468 1397 575 1473 legitur
591 1397 623 1455 in
638 1397 700 1456 rita
718 1396 853 1472 Catonis,
877 1419 941 1476 cap.

140 1498 201 1572 111,
223 1500 255 1557 iu
272 1501 343 1572 fine,
365 1506 471 1574 rogatu
487 1497 591 1557 Attici.
631 1495 904 1558 Commemorantnr
921 1505 941 1560 l.

141 1602 176 1659 de
193 1601 352 1666 Histortcir,
380 1599 417 1656 de
438 1602 495 1657 cita
519 1599 668 1666 Ciceroni&
692 1598 767 1656 liber
786 1600 889 1672 etiam,
912 1606 942 1659 in

141 1719 202 1776 quo,
222 1697 365 1759 Suetonio
383 1708 468 1773 teste,
483 1701 607 1758 distincit
624 1700 757 1776 literatum
770 1699 805 1757 ab
821 1701 942 1768 crudem

142 1800 268 1874 denique
285 1802 432 1876 Eaemple,
452 1808 482 1859 et
497 1801 641 1875 Epismlae
659 1801 698 1859 ad
717 1800 876 1859 Ciceronem.

205 1900 289 1974 Quae
307 1903 387 1960 solae
405 1908 561 1976 supersunt
576 1900 666 1959 hodie
680 1900 779 1974 Vitae,
796 1918 848 1959 eae
862 1900 941 1975 prin·

141 2001 256 2078 cipione
274 2002 316 2060 ita
334 2002 378 2060 uti
399 2020 477 2060 nunc
495 2002 650 2074 habemus,
672 2001 730 2060 sint
748 2000 940 2074 conscriptae,

141 2121 240 2161 anax
265 2102 370 2160 maiori
395 2121 484 2178 opere
510 2102 541 2160 in
564 2102 682 2162 brevius
709 2109 876 2162 contractae
903 2102 940 2159 ab

139 2203 269 2262 Aemilio
285 2203 386 2262 Probo
405 2204 533 2279 quodam
554 2203 687 2277 librario,
715 2203 766 2278 qui
788 2208 940 2259 exaratum

138 2304 245 2381 partim
260 2321 323 2377 sua,
337 2303 444 2379 purtim
461 2302 562 2361 metris
579 2304 686 2379 avique
699 2321 788 2361 manu
802 2301 940 2361 Vitarum

24 2458 28 2477 ,
140 2407 290 2480 exemplar
311 2402 482 2464 Theodosio
503 2403 673 2479 imperatori
695 2402 814 2476 obtulit,
845 2402 940 2460 onius·

139 2523 198 2581 que
219 2515 367 2581 tamquam
389 2503 499 2585 autoris
520 2522 628 2563 nomen
650 2505 774 2563 antehac
794 2503 826 2561 in
842 2501 939 2560 fronte

138 2605 205 2664 libri
222 2608 375 2682 legebatur
391 2604 472 2680 (nem
488 2602 600 2680 primus
616 2605 764 2680 Nepotem
780 2601 940 2661 Lambinus

120 2705 157 2760 1'11
181 2705 271 2762 titulo
298 2704 462 2783 reposuit‚)
490 2705 528 2767 de
549 2706 608 2766 hoo
628 2705 728 2764 varice
748 2705 808 2763 iam
831 2703 901 2762 inde
923 2723 941 2761 a

13 2786 66 2856 ῑ
