1896 3292
75 187 108 243 ll
205 183 274 242 XX.
294 183 509 243 rtuotssolt.
529 183 611 242 cut.
631 187 670 243 tt.
690 184 749 242 lll.

74 294 210 352 omnihus.
249 294 378 352 Nonnulli
389 295 461 352 enim
474 295 571 352 laesam
584 295 618 351 ab
628 311 658 351 eo
666 295 781 367 pietaten

74 371 148 438 hant,
158 379 184 426 et
194 369 296 427 invidia
305 370 411 427 laudem
420 372 525 429 virtutis
534 371 697 427 obterebant.
722 371 781 427 Mat

74 455 134 520 post
146 446 173 502 id
186 445 285 502 factum
297 464 384 520 neque
395 446 506 503 domum
519 447 553 502 ad
566 464 595 502 se
604 447 692 502 lilium
704 445 781 502 admi

75 539 129 597 que
140 521 274 594 adspexit,
292 523 360 595 quin
376 540 439 578 eum
456 521 616 577 iratrioidam
629 521 781 596 impiumqu

75 605 148 653 stans
160 596 336 670 compellaret.
375 601 401 652 6.
420 597 526 665 Quibus
538 598 618 652 rebus
631 596 696 652 adeo
706 596 753 652 ille
761 614 781 653 e

75 681 172 740 motus,
184 679 214 727 ut
224 689 427 745 nonnumquam
436 674 506 730 vitae
517 672 598 728 srnem
610 671 695 728 lasere
707 671 781 729 volut

75 766 129 823 que
136 765 170 803 ex
180 747 343 820 ingratorum
354 749 494 804 hominum
503 756 643 821 conspeetu
653 755 740 803 morte
747 747 782 803 de

130 824 164 879 ll.
184 823 292 876 interim
309 824 391 879 Dione
406 823 545 898 Syracusis
565 820 711 889 interfecto,
738 824 781 879 ui<

75 914 170 955 rursus
179 896 370 971 Syracusamm
380 900 478 971 potitus
488 907 540 955 est:
556 899 634 954 ouius
646 897 781 954 adversari

76 990 92 1030 a
104 972 246 1028 Corinthiis
258 974 398 1044 petiemnt,
412 974 570 1046 duoemque,
585 990 639 1047 quo
651 973 681 1028 in
693 971 767 1030 hello

75 1055 129 1114 tur,
143 1047 319 1120 postularunt.
351 1050 409 1104 lluo
421 1048 555 1105 Timoleon
569 1049 668 1104 missus
681 1048 781 1105 inoredi

76 1122 173 1180 licitate
188 1123 346 1198 Dionysium
363 1131 415 1179 tota
427 1124 517 1180 Sicilia
533 1124 645 1196 depulit.
683 1126 711 1181 2.
733 1123 781 1192 Qu*

75 1200 192 1256 tsrficers
203 1206 299 1272 posset,
314 1197 411 1266 noluit,
426 1207 535 1272 tutoque
547 1208 577 1256 ut
589 1198 750 1256 Corinthum
762 1217 781 1272 p

76 1283 124 1342 ret,
139 1274 234 1331 elleoit:
255 1274 328 1347 quod
341 1282 515 1348 utmrnmque
527 1275 715 1350 Dionysiorum
727 1274 781 1362 epil

76 1351 169 1407 rinthii
185 1367 264 1423 saepe
279 1349 363 1407 adiuti
375 1351 490 1417 fuerant,
508 1350 587 1406 errius
598 1348 773 1424 benignitatis

76 1427 143 1483 riam
154 1426 257 1482 volebat
266 1434 379 1496 exstare3
394 1443 506 1498 eamque
515 1424 674 1498 praeclaram
684 1425 781 1481 viatori

76 1502 159 1566 oehat,
172 1501 200 1556 in
214 1518 268 1573 qua
280 1500 342 1572 plus
354 1510 422 1558 esset
434 1502 593 1567 clementiae,
608 1517 690 1574 quam
702 1500 781 1557 mutia

76 1585 217 1650 postremo,
232 1582 262 1630 ut
274 1592 328 1630 non
340 1575 428 1632 solum
440 1577 551 1632 auribus
564 1576 734 1648 acciperetur,
746 1593 781 1633 sat

76 1650 161 1708 oeulis
177 1657 340 1716 numeretur,
359 1669 440 1724 quem
456 1659 482 1707 et
497 1670 531 1708 ex
542 1659 642 1724 quanto
701 1667 739 1707 no
755 1651 781 1709 κ’

76 1726 209 1784 fortunam
222 1724 384 1782 detorsisset.
424 1730 452 1783 3.
471 1728 532 1782 Post
540 1726 659 1802 Dionysii
690 1743 781 1785 wessu

76 1803 165 1859 lliosta
178 1799 299 1866 bellavit,
317 1802 366 1874 qui
378 1801 532 1858 adversatus
544 1801 628 1858 luerat
639 1802 781 1876 Dionysio:

77 1897 131 1936 non
143 1877 204 1933 odio
216 1877 365 1952 tyrannidis
377 1877 543 1944 dissensisse,
557 1877 604 1933 sed
616 1877 772 1949 eupiditate,

77 1953 136 2019 luit,
151 1951 224 2026 quod
238 1953 303 2027 ipse,
317 1952 430 2026 expulso
441 1953 580 2028 Dionysio,
596 1953 741 2025 imperium
753 1951 781 2009 di

78 2028 173 2086 noluit.
212 2031 238 2085 l.
262 2029 317 2085 lloo
331 2040 465 2104 superato,
490 2026 624 2086 Timoleon
641 2028 775 2084 maximas

78 2104 338 2178 Carthaginiensium
354 2106 425 2178 apud
438 2105 597 2162 Crimissum
609 2103 709 2159 flumen
722 2102 781 2178 iuga

77 2181 141 2236 satis
155 2180 251 2236 hahere
263 2182 355 2255 ooe'git,
366 2183 389 2237 si
403 2181 490 2236 liceret
501 2179 617 2235 hiricam
629 2179 757 2245 obtinere,
767 2197 781 2254 q

77 2256 226 2328 complures
238 2273 322 2311 annos
339 2257 530 2329 possessionem
542 2255 646 2311 Siciliae
661 2255 781 2310 tenebant

77 2334 118 2406 pit
129 2332 208 2387 etiam
221 2333 392 2399 Mamercum,
405 2332 525 2388 Italicum
538 2331 642 2397 dnoem,
657 2330 781 2386 hominen

78 2426 170 2464 cosum
182 2414 207 2463 et
219 2416 365 2480 potentem,
384 2409 432 2481 qui
444 2416 571 2483 tyrannos
587 2406 708 2463 adiutum
724 2407 752 2461 in
765 2403 781 2460 S

79 2491 193 2540 venerat.

133 2561 178 2614 lll.
199 2557 303 2626 Quibus
320 2558 399 2614 rebus
416 2557 538 2615 oonlectis
556 2576 643 2633 quum
661 2565 781 2630 proptera

79 2635 186 2692 nitatem
199 2633 262 2690 helli
275 2651 329 2690 non
341 2634 429 2691 solum
442 2635 575 2710 regiones,
593 2634 640 2691 sed
653 2634 732 2690 etiam
744 2632 781 2691 ur]

68 2720 157 2767 seras
172 2709 280 2782 videret,
295 2710 471 2789 oonquisivit,
485 2729 553 2788 quos
565 2711 663 2787 potuit,
677 2709 781 2785 primur
