1896 3292
204 374 319 477 xvru.
337 412 534 471 renunes.
555 412 638 472 cnr.
657 413 706 473 rr.
726 414 760 475 r.
849 422 883 477 ss

78 529 116 586 ar
131 527 211 585 auam
228 527 297 583 uiuo
313 526 429 583 rooemm
446 523 691 598 promptum,
714 506 748 581 ut
763 527 883 601 equum

76 605 167 679 potius
179 603 324 690 dimicaret,
333 618 388 676 quo
399 599 461 674 plus
473 599 586 667 valebat,
597 616 680 673 quam
692 598 818 673 peditam,
827 622 883 677 quo

78 680 311 822 mllllllllrum
319 752 447 810 aoerrimo
454 767 585 808 oouoursu
593 766 681 823 quum
689 767 884 826 magnnmpar·

79 840 133 887 tem
146 830 199 886 diei
211 838 279 886 esset
290 837 453 905 pugnatum,
467 825 538 882 eadit
549 826 672 883 Craterus
687 826 758 894 dux,
777 836 804 884 et
815 831 883 886 Neo-

78 906 221 1038 pglemus,
235 907 283 980 qui
295 905 442 962 seormdum
456 901 545 959 mmm
557 902 661 977 imperii
674 903 788 960 tenebat.
813 904 883 961 Cum

144 984 276 1039 concurrit
292 983 349 1055 ipse
364 981 508 1037 Eumenes.
546 981 574 1037 2.
596 977 649 1046 Qui
666 996 752 1051 quum
770 979 838 1036 inter
853 998 883 1037 ee

77 1056 207 1130 oomplexi
221 1059 249 1114 in
262 1066 359 1114 terrem
370 1072 404 1113 ex
416 1057 494 1130 equis
505 1052 672 1122 deoidiseent,
682 1063 713 1110 ut
721 1054 797 1112 laoile
805 1055 883 1112 intel·

79 1132 127 1208 ligi
139 1144 240 1206 posset,
254 1134 362 1190 inimica
374 1140 462 1189 mente
472 1129 650 1197 oonteudisse,
669 1131 812 1206 animoque
823 1149 883 1187 ma·

77 1210 211 1284 graetiam
224 1226 366 1284 pugnasse,
380 1224 464 1282 quem
475 1223 594 1280 oorpore,
609 1222 663 1262 nou
675 1207 751 1278 prius
763 1204 882 1264 diwaoti

76 1293 149 1350 sunt,
164 1302 247 1359 quam
259 1284 372 1340 alterum
383 1285 473 1339 anima
485 1281 630 1355 reliquerit.
664 1279 706 1336 tn
718 1282 769 1338 hoo
780 1282 882 1357 aliquot

76 1359 164 1434 plagis
181 1361 314 1415 Eumenes
334 1357 498 1427 vulneratum
519 1373 568 1413 neo
583 1373 614 1412 eo
630 1356 716 1429 magis
732 1374 767 1414 ex
782 1359 881 1430 proelio

76 1435 203 1499 excessit,
226 1433 279 1489 sed·
289 1434 376 1488 aerius
392 1433 480 1488 hostes
492 1431 596 1486 institit.
636 1434 662 1485 3.
682 1432 731 1486 llio
745 1433 881 1505 equitibus

75 1507 239 1584 profligetis,
254 1504 385 1563 interiecto
397 1506 465 1562 duee
475 1505 594 1571 Cratero,
609 1503 701 1560 multis
714 1516 844 1578 praeterea
855 1517 882 1565 et

77 1586 198 1641 maxime
211 1582 346 1639 nobilibus
357 1582 453 1656 raptis,
472 1580 590 1654 pedester
606 1581 749 1647 exemtus,
768 1582 841 1655 quod
852 1584 880 1641 in

77 1678 109 1715 ea
123 1659 178 1714 looa
191 1667 246 1713 erat
257 1657 393 1723 deduotus,
408 1666 439 1714 ut
450 1658 535 1713 invito
543 1657 663 1712 Eumene
673 1655 742 1711 elabi
754 1674 807 1714 non
819 1677 881 1732 pos-

78 1742 133 1799 set,
148 1750 239 1806 paoem
251 1733 328 1790 abeo
339 1733 422 1806 petiit.
462 1732 548 1800 Quam
561 1747 647 1805 quum
660 1730 835 1805 impetrasset,
850 1735 879 1793 in

76 1809 131 1866 lide
144 1826 196 1865 non
209 1811 315 1875 mansit,
329 1818 403 1875 etse,
417 1808 499 1864 simul
512 1825 544 1864 ae
554 1807 649 1881 potuit,
664 1807 698 1863 ad
709 1807 877 1883 Antipatrum

74 1885 183 1957 recepit.
222 1887 248 1941 l.
274 1885 405 1941 Eumenes
421 1884 572 1950 Gruterum,
593 1901 628 1940 ex
643 1883 699 1941 aoie
717 1885 879 1943 semivivum

73 1961 190 2025 elatum,
213 1959 450 2017 reomarestuduit.
488 1959 579 2028 Quum
597 1959 625 2014 id
637 1976 690 2016 non
707 1968 808 2033 posset,
831 1979 880 2033 pro

74 2034 194 2092 hominis
209 2034 350 2110 dignitate,
371 2052 474 2109 proque
490 2035 601 2107 pristinu
618 2034 733 2091 amioitin
750 2035 880 2110 (namque

73 2111 122 2167 illo
135 2129 201 2166 usus
214 2118 281 2174 erat,
299 2109 449 2167 Alexandro
461 2111 538 2175 vivo,
551 2108 724 2184 familiariter)
735 2111 824 2184 amplo
835 2112 880 2169 fu·

74 2203 139 2242 nere
154 2185 261 2251 extulit,
279 2201 391 2259 meaque
403 2187 432 2242 in
444 2184 623 2242 llaoedonium
640 2185 717 2241 uxori
733 2186 791 2243 eius
804 2205 835 2244 oo
846 2187 878 2244 li-

72 2262 147 2317 beris
159 2259 269 2315 remisit.

132 2336 164 2391 V.
186 2336 254 2391 Haeo
268 2333 334 2391 dum
352 2335 425 2408 apud
441 2334 639 2408 Hellespontum
655 2347 798 2412 geruntur,
817 2341 878 2394 Per-

72 2411 162 2468 diooas
175 2411 247 2483 apud
259 2409 358 2466 llumen
371 2409 463 2466 Nilum
477 2410 630 2467 interficitur
643 2430 658 2468 a
670 2413 778 2470 Seleuco
790 2422 815 2470 et
823 2415 879 2470 dn.

72 2488 179 2562 tigouo;
190 2502 332 2558 rerumque
341 2503 447 2541 summa
455 2485 488 2541 ed
498 2485 665 2559 Antipatrum
673 2488 798 2545 defertur.
819 2489 875 2551 llio,

72 2562 124 2636 qui
137 2561 312 2626 deseruerant,
322 2562 437 2617 exercitu
447 2561 604 2636 suffragium
613 2561 718 2629 ferente,
729 2561 821 2633 capitis
831 2562 875 2617 ab·

71 2645 162 2694 sentes
174 2637 348 2693 damnantur:
369 2637 398 2692 in
410 2637 453 2693 his
465 2637 608 2694 Eumenes.
647 2641 701 2696 Hao
713 2636 757 2692 ille
770 2653 878 2708 pereus-

71 2733 122 2771 eus
135 2713 212 2789 plaga
226 2731 278 2771 non
291 2713 445 2783 suooubuit,
463 2732 552 2789 neque
566 2732 598 2773 eo
613 2716 699 2771 seoius
717 2709 816 2767 bellum
831 2711 878 2767 ed·

72 2791 247 2847 ministravit.
285 2789 337 2847 Sed
348 2789 431 2847 exiles
443 2809 485 2847 res
497 2791 581 2848 animi
593 2785 814 2864 magnitudinem,
828 2786 877 2842 otei

72 2884 129 2923 non
146 2864 313 2939 frangebant,
338 2874 425 2922 temen
443 2867 607 2923 minuebant.
646 2867 673 2920 2.
697 2862 775 2917 lluno
789 2878 878 2935 perse-

71 2958 161 3016 quens
173 2942 337 3018 Antigonus,
353 2957 440 3014 quum
452 2943 524 2997 omni
537 2955 632 3015 genere
644 2937 779 3071 oopippum
792 2938 878 3014 ubun-
