1896 3292
120 169 153 224 dl
211 166 275 225 XV.
294 162 585 222 EPdhllNONDAS.
603 160 687 221 CAP.
707 165 747 221 11.
766 165 826 223 111.

120 293 181 331 nem
191 274 387 332 consuetudinis
397 269 495 348 [atque]
506 272 574 328 vitae
582 270 697 349 velimus
705 272 910 345 Epaminondae.

120 350 187 405 nihil
198 350 320 405 videmur
328 349 422 404 debere
431 346 644 419 praetermittere,
660 347 735 419 quod
746 347 912 420 pertineatad

119 442 178 481 eam
190 423 383 481 declarandam.
421 424 448 479 l.
467 421 553 489 Quare
564 420 683 477 dioomue
695 422 821 493 primum
833 422 914 499 uaga·

119 500 264 569 nemeina,
285 497 392 563 deinde,
412 496 512 568 quibus
529 493 678 567 disciplinis
693 504 720 551 et
733 515 749 553 a
763 498 869 569 quihus
884 496 914 555 nit

119 574 251 642 eruditus;
272 581 330 629 tum
339 571 373 627 de
381 572 499 627 moribus
508 570 661 644 ingeniique
669 569 854 639 laoultatibua,
863 570 913 629 eti

119 648 234 721 quaalia
244 647 368 703 memoria
382 645 463 719 digna
476 653 566 713 erunt;
584 652 718 720 postremo
731 645 766 701 de
779 646 863 703 rebus
874 664 914 723 ge·

119 724 176 787 etis,
187 738 280 793 quaen
289 720 412 793 plurimis
420 721 540 776 omnium
550 727 744 791 anteponuntur
752 720 905 779 virmtihm.

172 798 207 850 11.
228 797 311 851 Natus
321 795 402 870 igitur
410 803 495 866 patre,
511 811 565 867 quo
574 794 707 861 diximus,
718 794 913 871 honestogare·

118 887 160 1000 tt·
179 868 912 1017 hlhltalthlttffllllathim

118 1027 221 1075 eantare
230 1018 263 1073 ad
273 1018 430 1074 chordarum
438 1035 535 1074 sonum
543 1017 635 1073 doetus
643 1025 684 1072 est
694 1034 711 1072 a
720 1019 863 1095 Dionysio,
871 1012 912 1093 qui

118 1112 172 1151 non
186 1093 288 1149 minore
299 1092 351 1149 luit
363 1093 391 1149 in
411 1092 520 1148 musiois
537 1091 633 1167 gloria,
655 1107 738 1165 quam
751 1093 859 1151 Damon
874 1101 913 1151 ml

118 1169 257 1240 Lamprus,
268 1184 384 1242 quorum
392 1167 546 1241 pervulgata
553 1174 617 1222 sunt
628 1166 750 1236 nomina;
772 1178 876 1225 eantare
884 1168 914 1223 ti-

117 1244 171 1299 hiis
180 1244 214 1299 ab
223 1242 419 1321 Olympiodoro,
430 1242 524 1299 saltare
532 1260 548 1298 a
557 1240 734 1313 Calliphrone.
767 1244 799 1301 2.
818 1240 912 1317 Atphi·

118 1318 252 1391 losephiae
264 1325 454 1391 praeoeptorem
468 1316 561 1373 hahuit
569 1315 652 1390 Lysin
663 1315 855 1385 Tarentinum,
868 1318 913 1391 Pp·

119 1393 286 1467 thagoreum:
306 1393 349 1449 oui
364 1392 472 1464 quidem
481 1392 521 1447 sie
529 1390 580 1447 luit
588 1390 705 1456 deditus,
721 1400 753 1447 ut
766 1392 913 1449 adoleaoara

117 1468 218 1523 tristem
231 1475 257 1522 et
270 1485 391 1523 sevemm
405 1483 495 1523 mem
507 1466 632 1522 omnihus
645 1463 808 1537 aequalibus
820 1466 914 1525 suiain

117 1540 291 1596 familiaritate
304 1541 491 1626 anteposuerit,
507 1557 594 1613 neque
606 1540 758 1625 priusoeum
773 1558 828 1629 nse
837 1540 915 1597 dimi-

117 1614 916 1763 lltlttlaldttttfhlmlh:,alt

117 1765 190 1819 tibus
204 1772 399 1836 superaturum.
437 1768 462 1819 3.
482 1764 569 1836 Atque
587 1764 651 1819 haee
671 1763 705 1819 ad
718 1774 839 1821 nostram
857 1782 916 1821 oon-

118 1838 285 1895 suetudinem
298 1847 362 1895 sunt
376 1838 456 1904 levia,
477 1847 503 1893 et
520 1840 606 1910 potius
624 1838 832 1907 cenomanum
852 1838 915 1897 atin

118 1914 225 1970 Graecia
235 1914 327 1987 utique
336 1914 400 1970 olim
410 1931 521 1987 magnae
530 1913 602 1969 laudi
610 1920 693 1968 erant.
726 1914 753 1969 l.
774 1914 916 1988 Postquam

117 1989 235 2060 ephebus
248 1988 332 2045 laetus
346 1997 398 2054 est,
419 1996 444 2044 et
456 1987 597 2060 palaestrae
615 1988 677 2043 dare
693 2004 805 2059 operam
824 1990 914 2063 eoepit,

117 2080 170 2119 non
181 2070 234 2118 tam
244 2063 422 2138 magnitudini
435 2064 532 2119 virium
542 2063 663 2128 servivit,
679 2079 761 2136 quam
776 2062 915 2121 velocitati.

117 2137 192 2193 Illam
207 2138 278 2193 enim
293 2138 326 2193 ad
340 2138 494 2195 athletarum
509 2156 603 2202 usum,
619 2137 689 2192 hano
700 2137 735 2192 ad
748 2136 815 2195 belli
828 2138 917 2195 existi·

117 2213 206 2268 mahat
215 2211 352 2267 utilitatem
362 2214 500 2285 pertinere.
532 2216 560 2269 ὅ.
578 2214 670 2285 ltaque
678 2212 852 2269 eneroehatur
859 2212 917 2287 plu·

117 2288 217 2344 rimum
227 2286 355 2342 currendo
364 2296 389 2343 et
399 2287 520 2344 luctando
529 2287 563 2344 ad
572 2304 634 2343 eum
644 2286 735 2353 finem,
746 2288 839 2360 quoad
847 2296 917 2345 stam

117 2362 252 2434 eompleoti
261 2370 348 2434 posset
357 2370 435 2435 atque
443 2362 605 2423 oontendere.
644 2363 675 2417 ln
684 2360 766 2417 armis
780 2380 848 2423 voro
859 2362 917 2437 plu-

117 2439 217 2493 rimum
226 2436 308 2492 studii
317 2438 496 2493 oonsumehat.

172 2514 218 2568 lll.
233 2511 275 2569 nd
284 2511 354 2567 hano
362 2514 477 2585 eorporis
487 2512 636 2569 firmitatem
644 2510 761 2585 plurima
769 2516 854 2569 etlam
862 2514 917 2573 ani·

118 2587 154 2641 mi
168 2588 237 2643 hona
251 2596 420 2643 amesserant.
457 2589 521 2643 Erat
532 2588 605 2643 enim
620 2586 767 2652 modestus,
787 2586 915 2661 plutima,

117 2661 220 2733 gravis,
231 2662 394 2735 temporibus
402 2663 530 2737 sapienter
541 2671 630 2731 utens,
644 2662 746 2737 peritus
753 2661 835 2733 belli,
844 2660 916 2723 tort'a
