1906 3066
78 190 109 243 to
166 189 203 243 11.
224 186 530 244 THEMISTOCLES.
550 186 634 245 CAP.
653 188 705 242 111.
725 187 773 243 IV.

76 292 233 352 conferrent:
245 314 307 351 eum
315 296 459 351 enimadeo
468 296 610 370 significari
620 313 728 350 mumm
737 294 866 370 ligneum.

77 374 103 425 8.
123 369 180 426 Tali
193 371 301 426 oonsilio
313 371 420 442 probato
433 371 533 426 addunt
544 370 578 425 ad
596 371 742 443 superiores
760 370 869 426 totidem

76 462 158 502 naves
170 445 302 512 triremes,
316 464 417 518 suaque
430 446 530 510 omnia,
547 462 616 517 quae
630 445 729 502 moveri
738 452 866 516 poterant,

75 520 171 592 partim
190 520 334 585 Salamina,
355 520 449 592 partim
468 521 595 575 Troezena
613 527 756 592 asportant;
781 537 868 574 arcem

76 595 253 651 sacerdotibus
265 596 409 668 paucisque
423 595 565 650 maioribus
578 602 640 649 natu
654 611 684 649 ao
692 610 764 649 sacra
772 611 869 666 procu-

76 669 158 725 randa
167 669 280 735 tradunt,
293 669 425 741 reliquum
434 670 561 741 oppidum
570 668 733 741 relinquunt.

131 745 175 798 111.
196 744 280 798 Huius
290 744 428 799 consilium
440 745 571 816 plerisque
583 743 732 799 civitatibus
745 741 868 814 displice·

76 818 134 883 bet,
155 825 179 872 et
197 826 263 873 terra
281 817 400 872 dimicari
419 819 504 892 magis
521 818 647 891 placebat.
684 819 774 890 ltaque
792 817 867 873 missi

76 900 139 947 sunt
148 891 238 946 delecti
247 909 309 947 cum
319 893 446 958 Leonida,
462 892 723 948 Lacedaemoniorum
733 908 808 966 rege,
820 892 867 965 qui

76 966 264 1040 Thermopylas
272 976 435 1039 occuparent,
447 967 604 1041 longiusque
613 967 736 1022 barbaros
745 966 868 1040 progredi

76 1058 128 1097 non
147 1049 305 1113 paterentur.
344 1042 376 1095 iii
395 1042 450 1097 vim
469 1043 584 1098 hostium
603 1059 655 1097 non
674 1042 865 1106 sustinuerunt,

76 1114 323 1188 eoqueloooomnes
335 1116 496 1172 interierunt.
531 1121 558 1174 2.
578 1115 710 1172 Athassis
719 1115 868 1171 communis

76 1190 199 1246 Graeciae
212 1198 383 1246 trecentarum
397 1193 520 1257 narium,
546 1192 573 1246 in
587 1209 639 1263 qua
652 1190 777 1246 ducentae
796 1196 869 1245 erant

76 1266 291 1332 Atheniensium,
317 1268 434 1337 primum
452 1265 523 1339 apud
541 1265 711 1321 Artemisium
730 1266 798 1320 inter
813 1266 868 1321 Eu-

76 1342 168 1396 boeam
191 1341 418 1413 continentemque
436 1348 530 1395 terram
552 1357 614 1395 cum
636 1339 777 1395 classiariis
799 1338 869 1414 regis

76 1415 202 1472 conflixit.
240 1415 382 1489 Angustias
391 1416 462 1471 enim
473 1414 656 1470 Themistocles
669 1414 823 1487 quaerebat,
836 1429 869 1468 nc

76 1489 245 1546 multitudine
253 1491 443 1546 circumiretur.
482 1493 508 1546 3.
528 1490 631 1545 Hicetsi
640 1489 698 1561 pari
707 1488 805 1560 proelio
814 1487 869 1542 dis-

76 1571 218 1628 cesserant,
239 1572 326 1620 tamen
345 1564 435 1620 eodem
453 1563 508 1620 loco
525 1582 578 1620 uon
591 1572 654 1619 sunt
672 1563 728 1618 ausi
748 1578 867 1619 manere:

76 1638 149 1712 quod
157 1646 211 1693 erat
218 1639 375 1710 periculum,
386 1657 428 1706 ne,
438 1639 462 1694 si
472 1656 532 1712 pars
542 1639 651 1696 narium
660 1638 869 1695 adversariorum

75 1714 210 1770 Euboeam
232 1723 392 1786 superasset,
417 1714 523 1786 ancipiti
545 1720 723 1786 premerentur
742 1711 869 1784 periculo.

77 1791 102 1844 t.
123 1786 287 1855 Quoiaotum
296 1798 347 1852 est,
364 1788 583 1844 utnbArtemisio
595 1787 768 1853 discederent,
784 1795 810 1842 et
823 1803 870 1841 ex-

76 1862 217 1918 adversum
230 1864 346 1919 Athenas
359 1863 430 1936 apud
443 1863 575 1919 Salamina
588 1862 698 1918 classem
711 1878 789 1918 suam
808 1877 870 1916 con·

76 1937 221 1992 stituerent.

129 2012 175 2069 IV.
194 2011 229 2067 dt
237 2012 353 2075 Xerxes,
369 2011 552 2086 Thermopylis
561 2011 732 2085 expugnatis,
768 2010 870 2065 rotinus

76 2086 183 2141 accessit
192 2092 264 2151 astu,
276 2084 357 2157 idque
365 2085 447 2141 nullis
456 2085 667 2152 defendentihus,
679 2086 732 2141 inte
755 2085 819 2139 cotis
827 2100 871 2140 sa·

75 2160 237 2226 cerdotibus,
256 2177 324 2233 quos
344 2159 372 2214 in
390 2178 448 2215 arce
462 2160 608 2227 invenerat,
629 2159 750 2216 incendio
761 2158 868 2215 delevit.

75 2239 104 2294 ἱ.
124 2235 208 2292 Cuius
220 2233 291 2289 fama
304 2235 432 2305 perterriti
446 2234 572 2290 classiarii
589 2252 674 2308 quum
692 2250 799 2291 manere
815 2250 870 2289 non

76 2310 242 2375 auderent,et
250 2308 358 2380 plurimi
369 2308 675 2375 hortarentur,utdomcs
684 2326 746 2364 suas
755 2308 803 2381 qu'
838 2324 871 2364 ue

76 2384 246 2449 discederent,
257 2383 449 2454 moenibusque
456 2401 485 2438 se
494 2383 672 2441 defenderent:
684 2383 793 2439 Themis
842 2400 871 2439 ee

76 2478 149 2517 unus
161 2459 266 2523 restitit,
282 2465 307 2512 et
320 2458 457 2513 universos
470 2476 546 2531 pares
559 2475 616 2514 esse
627 2474 705 2530 posse
715 2458 814 2524 aiebat,
828 2456 872 2513 di-

76 2552 180 2606 spersos
189 2532 329 2589 testabatur
338 2533 479 2604 perituros3
500 2533 580 2606 idque
588 2532 744 2608 Eurybiadi,
755 2532 872 2607 ragita-

77 2609 312 2673 oedaemoniorum,
319 2610 367 2678 qui
378 2615 435 2662 tum
444 2624 564 2663 summae
573 2607 677 2680 imperii
685 2605 873 2681 praesentiore

77 2682 233 2740 affirmabat.
272 2686 298 2739 3.
318 2681 403 2750 Quem
412 2699 497 2756 quum
506 2682 610 2751 minus,
621 2698 703 2758 quam
712 2680 803 2751 vellet,
814 2698 872 2739 mo-
