1896 3292
199 376 203 383 ’
227 400 341 459 xviii.
360 397 558 458 nonanes
579 396 664 457 cto.
683 402 722 459 11.
840 406 868 462 ei

69 510 354 586 etceleritateingenii.
379 512 406 566 f.
419 510 875 583 flicperadolsscentulusadamici·

69 591 137 646 tiam
150 589 256 643 accessit
269 585 393 658 Philippi,
403 586 535 660 Amyntae
548 587 605 654 filii,
618 588 748 659 brevique
759 596 883 662 tempore

69 666 100 723 iu
125 665 245 718 intimam
262 662 381 734 pervenit
402 660 614 718 familiaritatem.
653 665 674 719 F
678 663 784 736 ulgebat
802 666 874 721 enim

69 741 126 797 iam
142 739 168 794 in
182 737 373 793 adolescentulo
385 736 486 793 indoles
503 738 619 793 virtutis.
658 742 685 794 5.
706 741 797 811 ltaqne
812 756 875 795 eum

69 815 167 872 babuit
179 814 211 868 ad
226 831 335 868 manum
348 813 448 868 scribae
462 812 530 869 loco:
550 812 623 886 quod
635 814 720 869 multo
728 814 798 886 apud
809 814 876 869 Gra-

70 891 112 947 ios
130 890 343 945 honorificentius
358 896 411 953 est,
434 905 516 960 quam
537 889 608 960 apud
626 890 766 945 Romanos.
806 891 874 945 Nam

71 965 145 1039 apud
158 983 205 1020 nos
218 982 319 1030 revera,
334 965 403 1019 sicut
414 973 491 1027 sunt,
506 966 658 1020 mercenarii
671 965 772 1020 scribae
783 965 876 1020 existi-

71 1051 193 1109 mantum
219 1048 245 1095 at
256 1039 328 1112 apud
342 1040 400 1094 illos
413 1042 568 1095 econtrario
581 1057 658 1096 nemo
670 1041 701 1095 ad
717 1040 743 1095 id
756 1039 875 1096 officinm

72 1117 290 1181 admirationum
304 1116 411 1170 honesta
427 1114 489 1180 loco,
504 1125 529 1170 et
542 1115 593 1171 fide
604 1124 629 1170 et
642 1116 770 1172 industria
783 1116 875 1192 mgni-

71 1202 112 1248 ta:
127 1192 199 1265 quod
208 1209 312 1248 necesse
320 1191 487 1246 estomnium
497 1191 667 1246 consiliorum
677 1209 738 1246 eum
749 1210 806 1246 esse
815 1211 875 1264 par-

73 1268 186 1339 ticipem.
218 1271 244 1322 6.
265 1269 343 1321 Hunc
355 1265 441 1321 locum
455 1268 538 1321 tenuit
550 1268 678 1321 amicitiae
690 1266 761 1340 apud
775 1268 875 1339 Philip-

71 1360 139 1418 pum
153 1359 236 1397 annos
248 1350 360 1412 septem.
398 1341 446 1395 lllo
459 1341 604 1407 interfecto,
619 1341 711 1396 codem
728 1342 811 1415 gradu
826 1341 876 1397 fuit

73 1417 145 1491 apud
154 1416 336 1472 Alexandrum
345 1433 428 1470 anuos
438 1416 570 1470 tredecim.
603 1417 753 1471 Novissime
762 1426 877 1488 tempore

72 1493 188 1568 praefuit
200 1492 280 1546 etiam
292 1490 386 1545 alterae
398 1491 518 1562 equiturn
532 1489 596 1554 alae,
607 1507 676 1562 quae
688 1491 818 1545 Hetaerice
830 1508 877 1562 ap-

73 1568 233 1642 pellabatur.
272 1565 381 1637 Utrique
397 1574 484 1619 autem
502 1565 529 1620 in
547 1565 656 1620 consilio
672 1582 776 1638 semper
791 1565 874 1632 alluit,

73 1651 100 1699 et
112 1642 235 1698 omnium
248 1657 335 1695 rerum
350 1640 456 1696 babitus
467 1648 507 1695 est
518 1640 657 1712 particeps.

131 1718 166 1771 11.
186 1715 335 1772 Alexandro
345 1716 478 1791 babylone
491 1714 606 1781 mortuo,
625 1732 711 1788 quiam
728 1731 808 1790 regna
820 1719 876 1772 slu-

73 1790 148 1868 gnlis
161 1790 335 1846 familiaribus
347 1791 555 1865 dispertirentur,
566 1800 591 1847 et
603 1809 708 1847 summa
722 1809 809 1846 rerum
823 1800 877 1847 tra-

74 1869 128 1924 dita
142 1877 209 1923 esset
220 1867 317 1922 tuenda
329 1867 427 1934 eidem,
446 1869 489 1923 cui
501 1867 650 1924 Alexander
662 1868 776 1923 moriens
789 1886 876 1923 annu-

74 1944 132 2000 lum
144 1960 224 1999 suum
238 1943 351 2009 dederat,
366 1944 515 2000 Perdiccae:
551 1947 578 1999 2.
599 1961 632 1999 ex
644 1961 698 2016 quo
710 1961 801 1998 omnes
814 1961 877 1998 oon-

74 2020 199 2084 iecerant,
218 2036 281 2074 eum
293 2035 406 2092 regnum
422 2020 447 2074 ei
464 2018 675 2083 commendasse,
694 2018 781 2091 quaml
801 2018 876 2072 liberi

74 2112 131 2151 eius
144 2095 172 2149 in
185 2111 262 2149 suam
275 2093 383 2150 tutelam
395 2094 590 2167 pervenissent:
604 2094 720 2165 (aberant
732 2094 803 2148 enim
813 2093 878 2149 Cra·

74 2178 146 2227 terus
162 2173 192 2224 ‘et
208 2169 357 2240 Antipater,
378 2170 426 2241 qui
444 2168 594 2224 antecedere
609 2169 683 2223 huno
703 2169 874 2224 videbantur:

74 2256 195 2302 mortuus
207 2252 262 2300 erat
270 2244 433 2316 Hephaestio,
449 2261 528 2316 quern
542 2261 627 2298 tiniam
637 2243 793 2310 Alexander,
804 2243 877 2318 qnod

72 2321 149 2378 facile
163 2319 272 2394 intelligi
282 2328 377 2392 posset,
388 2319 497 2390 plurimi
507 2318 620 2390 fecerat),
636 2319 685 2374 hoc
693 2329 808 2392 tempore
817 2321 876 2374 data

72 2406 112 2454 est
124 2397 239 2451 Eumeni
253 2395 428 2467 Cappadocia,
446 2395 504 2451 sive
515 2395 603 2466 potins
619 2394 695 2450 dicta.
737 2398 804 2450 Nam
818 2405 876 2450 tum

72 2474 101 2530 in
115 2472 233 2527 hostium
246 2480 300 2525 erat
312 2478 445 2543 potestate.
483 2474 509 2525 3.
531 2472 607 2525 liuno
618 2471 669 2526 sibi
684 2471 816 2526 Perdiccas
829 2469 877 2523 ad-

71 2549 197 2606 iunxerat
210 2563 306 2620 magno
318 2546 414 2611 studio,
425 2545 496 2619 quod
510 2546 537 2600 in
551 2547 658 2602 homine
671 2547 749 2601 fidem
760 2555 785 2599 et
799 2542 876 2597 indn-

71 2624 167 2681 striam
181 2639 305 2696 magnam
317 2620 437 2678 videbat:
463 2640 515 2676 nnn
529 2622 666 2687 dubitans,
685 2623 781 2677 sicum
798 2617 877 2690 pelle-

69 2701 170 2764 xisset,
189 2714 287 2771 magno
299 2698 361 2752 usui
374 2696 428 2753 fore
440 2698 490 2752 sibi
506 2716 533 2753 m
547 2697 589 2752 his
603 2699 695 2760 rebus,
715 2713 782 2767 quas
796 2692 877 2764 adpa-

69 2776 159 2833 rabat.
198 2773 334 2846 Cogitabat
350 2774 436 2838 enim,
459 2773 531 2846 quod
548 2773 602 2829 fere
616 2790 709 2828 omnes
727 2772 753 2824 in
771 2769 876 2841 magnis

70 2847 194 2922 imperiis
206 2848 408 2920 concupiscunt,
426 2851 546 2904 omnium
560 2859 645 2921 partes
657 2846 786 2916 corripere
799 2853 878 2916 atquc

69 2923 222 3058 oorppleeti.
262 2925 288 2979 f.
309 2925 402 2998 Neque
412 2940 475 2983 vero
486 2925 536 2981 hoo
548 2924 593 2980 ille
604 2922 677 2980 solus
690 2920 762 3053 fpcit,
776 2919 824 2976 sed
835 2937 878 2977 oo·

133 3018 191 3056 orn.
210 2999 275 3056 Nar.
