1896 3292
76 184 125 242 lli
259 182 373 240 XXIV.
393 183 505 241 CATO.
530 182 615 240 CAP.
635 183 693 240 111.

74 290 182 365 publice
203 290 445 350 administrabatur.
483 293 541 362 Qua
559 311 593 350 ex
610 313 638 349 re
660 294 746 350 iratus
763 309 783 350 st

74 367 213 425 consulatu
225 379 336 441 peracto,
352 371 471 442 privatus
483 370 511 425 in
522 370 587 425 urbe
598 371 706 425 mansit.
741 373 768 425 3.

74 452 110 510 to,
125 461 217 500 censor
233 461 295 501 cum
308 445 400 502 eodem
412 446 505 502 Flacco
516 443 609 511 lactus,
624 463 717 501 severe
729 463 783 518 pret

74 519 205 595 potestati.
242 521 311 578 Nam
324 523 389 577 etin
401 521 550 594 complures
564 520 668 577 nobitas
680 520 783 576 unimat'

74 605 100 652 et
112 595 210 651 multes
222 613 265 651 res
277 614 359 654 novas
372 597 401 653 in
413 597 528 654 edictum
541 596 651 660 addidit,
666 614 722 669 qua
733 614 762 651 re
773 596 781 650 l

74 676 275 745 reprimeretur,
305 689 375 744 quae
402 673 456 728 iem
484 680 543 728 tum
568 671 711 744 incipiebat
737 671 784 743 pul

75 749 102 803 l.
123 745 246 822 [circiter
258 765 342 803 annos
353 745 508 822 octogiuta,]
536 749 625 820 Usque
636 746 669 803 ad
680 755 783 802 extrem

75 829 155 877 tatem
167 821 202 876 eb
214 821 396 888 adolescentie,
411 825 478 896 reip.
491 841 570 879 causa
583 823 719 894 suscipere
729 823 783 878 inin

75 914 129 953 uon
142 896 250 952 destitit.
288 896 312 953 Α
324 897 416 953 multis
428 907 541 954 tentatus
553 915 607 953 non
620 897 698 953 modo
712 897 783 954 nullr

75 972 230 1027 trimentum
246 972 448 1030 existimationis
463 971 532 1041 iecit,
550 973 606 1040 sed,
625 973 716 1047 quoad
731 975 783 1031 vixi

75 1053 164 1104 tutum
177 1046 255 1104 laude
266 1049 358 1104 crevit.

130 1124 177 1180 ill.
197 1125 228 1180 In
244 1125 370 1180 omnibus
387 1125 467 1180 rebus
483 1123 614 1198 singulari
631 1123 682 1180 iuit
697 1124 783 1196 prude

75 1197 216 1256 industria.
255 1201 324 1256 Nem
340 1207 366 1256 et
382 1200 496 1274 agricola
512 1200 617 1267 sollers,
641 1208 667 1254 et
683 1202 783 1271 peritus

75 1273 226 1342 consultus,
244 1283 269 1331 et
281 1293 396 1350 magnus
409 1278 562 1348 imperator,
580 1284 605 1331 et
621 1275 770 1347 probabilis

75 1359 101 1406 et
113 1351 304 1424 cupidissimus
317 1351 463 1408 litterarum
476 1351 536 1407 tuit.
574 1355 601 1406 ⁴2.
622 1350 746 1417 Quarum
761 1359 783 1406 st

75 1427 124 1484 etsi
137 1427 225 1482 senior
237 1428 395 1499 arripuerat,
411 1435 499 1483 temen
511 1434 613 1482 tantum
626 1443 783 1500 progressus

76 1508 106 1556 ut
118 1520 171 1558 non
184 1501 260 1557 facile
272 1503 385 1574 reperire
396 1504 495 1574 possis,
511 1519 599 1575 neque
610 1501 643 1556 de
656 1502 780 1569 Graecis,

76 1576 110 1631 de
122 1576 218 1631 ltalicis
231 1577 320 1642 rebus,
334 1577 408 1649 quod
421 1579 445 1633 ei
458 1577 536 1633 luerit
548 1577 725 1650 incognitum.
764 1576 783 1632 d

75 1649 198 1707 lescentia
215 1651 326 1707 coniecit
339 1652 478 1707 orationes.
518 1657 544 1708 3.
565 1652 651 1708 Senex
674 1651 783 1707 historia

76 1726 138 1784 bere
150 1726 272 1792 instituit,
287 1744 402 1799 querum
415 1735 478 1783 sunt
489 1726 551 1782 libri
564 1737 675 1800 septem.
703 1727 783 1781 Primi

76 1803 142 1859 tinet
156 1819 198 1858 res
215 1811 302 1877 gestes
320 1820 414 1877 regum
435 1803 527 1875 populi
545 1803 671 1871 bomani3
701 1819 783 1858 secun

76 1879 179 1944 tertius,
193 1879 265 1934 unde
277 1896 400 1951 quaeque
411 1880 505 1937 civitas
516 1887 571 1934 ortu
585 1880 620 1933 sit
631 1876 734 1941 Italicas
753 1878 783 1934 ol

76 1971 133 2010 rem
144 1972 236 2010 omnes
247 1954 370 2029 Origines
382 1955 486 2010 videtur
499 1954 653 2027 udpellnsse.
682 1955 714 2009 ln
727 1972 783 2028 que

76 2037 130 2086 tem
143 2030 244 2085 bellum
256 2031 398 2087 Poenicum
414 2031 546 2103 primum;
569 2031 597 2084 in
610 2030 704 2101 quinto
721 2047 784 2084 secu

77 2108 104 2161 l.
125 2105 211 2177 Atque
223 2106 388 2161 haecomnia
400 2105 562 2178 capitulatim
575 2115 638 2160 sunt
648 2105 727 2160 dicta.
757 2105 780 2160 ll

77 2198 131 2256 que
143 2180 211 2236 bella
223 2182 280 2253 peri
294 2181 372 2238 modo
384 2191 536 2254 persecutus
552 2188 605 2246 est,
624 2197 711 2252 usque
726 2179 761 2234 ad
779 2198 783 2252 1

76 2275 135 2313 ram
151 2257 208 2312 Ser.
228 2257 336 2323 Galbae,
351 2258 399 2331 qui
416 2257 690 2330 diripuitLusitanos.
730 2255 783 2328 ntq

77 2351 139 2390 rum
152 2332 282 2388 bellorum
296 2332 376 2389 duces
389 2350 442 2389 non
456 2333 617 2398 nominavit,
635 2330 682 2386 sed
693 2329 753 2385 sinc
767 2348 783 2384 n

77 2409 130 2465 bus
146 2427 188 2464 res
205 2409 314 2465 notavit.
353 2411 383 2464 ln
401 2409 496 2464 iisdem
514 2408 649 2480 exposuit,
673 2423 744 2479 quae
763 2404 783 2460 ir

78 2485 266 2558 Hispaniisque
278 2484 431 2541 viderentur
444 2484 608 2540 admiranda.
641 2483 672 2537 In
684 2481 783 2553 quibus

78 2558 208 2616 industria
225 2570 250 2616 et
267 2560 404 2635 diligentia
420 2569 565 2632 comparet,
588 2557 672 2614 multa
688 2556 783 2611 doetrir

78 2635 165 2690 lluius
181 2636 215 2692 de
230 2637 285 2692 vita
303 2648 328 2691 et
346 2636 465 2690 moribus
482 2637 559 2708 plura
577 2634 605 2690 in
622 2651 652 2689 eo
670 2631 738 2687 libro
754 2649 783 2702 pe

70 2727 178 2780 sumus,
192 2730 274 2790 quem
286 2711 427 2790 separatim
437 2711 470 2769 de
480 2729 510 2769 eo
521 2710 630 2768 [ecimus
640 2713 733 2783 rogatu
744 2707 783 2763 Tit
