1896 3292
109 187 144 239 88
257 178 371 237 xv111.
390 178 587 237 EUMENES.
607 176 690 237 CAP.
709 178 765 236 xl.

110 292 197 366 perior
209 290 307 364 proelio
319 290 489 347 disraassisset.
503 291 636 364 Antigono
647 298 687 345 est
698 289 814 354 deditus,
830 306 910 363 quum

110 370 240 424 exereitus
252 369 275 422 ei
295 378 332 423 ter
344 378 403 423 anta
420 368 545 440 separatis
562 367 724 437 temporibus
743 366 869 431 iurasset,
885 384 912 423 se

110 461 172 499 eum
185 444 365 508 defensurum,
381 461 429 498 nee
440 461 570 515 umquam
582 443 762 498 deserturum:
783 442 832 497 sed
846 452 910 499 tanta

110 518 161 574 luit
174 519 363 575 nonnullorum
376 520 481 574 virtutis
493 520 652 584 obtrectatio,
664 527 695 573 ut
706 518 786 573 fidem
797 518 911 575 amittere

110 596 228 660 mallent,
243 613 325 668 quam
338 592 399 649 eum
413 613 465 650 non
478 594 595 667 perdere.
627 598 654 649 3.
673 594 762 665 Atque
773 593 850 649 hune
860 598 912 651 du·

110 672 227 744 ligorius,
238 688 323 742 quum
337 672 359 724 ei
374 669 466 725 luisset
479 670 674 734 infestissimus,
689 668 911 735 conservasset,ei

109 763 157 818 per
169 763 232 800 suos
245 754 312 800 asset
326 745 441 812 linitum,
460 746 533 819 quod
544 746 579 800 ab
591 744 666 800 nullo
677 762 706 799 so
718 744 781 816 plus
794 742 911 800 adiuuari

109 838 188 893 posse
205 820 367 894 intelligebat
383 823 411 877 in
428 821 472 876 his
488 822 582 886 rebus,
605 838 673 893 quas
691 820 846 891 impendere
861 821 911 876 iam

110 895 251 966 adparebat
262 897 398 952 omuibus.
436 898 613 951 lmminebant
625 897 696 951 enim
709 894 848 961 Seleucus,
861 896 911 983 Lq-

109 971 260 1036 simachus,
275 971 447 1036 Ptolemaeus,
461 972 558 1044 opibus
571 972 624 1026 iam
637 971 762 1033 valentes,
777 988 842 1027 cum
854 988 912 1045 qur-

110 1046 162 1101 bus
175 1046 199 1100 ei
212 1046 245 1101 de
257 1048 372 1102 summis
384 1048 464 1102 rebus
475 1056 530 1102 erat
541 1046 734 1101 dimicandum.
755 1048 784 1102 t.
797 1046 850 1103 Sed
861 1062 911 1103 nou

109 1121 182 1193 passi
194 1131 258 1177 suut
270 1122 308 1188 hi,
320 1124 368 1196 qui
382 1124 449 1178 circa
462 1130 549 1179 amnt:
563 1122 636 1196 quod
648 1122 784 1186 uidebant,
796 1122 911 1178 Eum

109 1205 221 1267 recepto,
233 1215 326 1253 omnes
335 1216 398 1271 prae
407 1199 453 1254 illo
460 1198 537 1271 parvi
546 1196 659 1253 futuros.
691 1196 912 1269 lpseautemdu·

110 1272 217 1345 tigonus
229 1273 295 1330 adeo
306 1282 361 1330 erat
373 1274 511 1339 incensus,
530 1281 573 1339 ut,
592 1273 645 1329 nisi
657 1288 756 1348 magna
767 1290 819 1347 spa
829 1270 912 1331 maxi·

109 1365 216 1404 marum
229 1365 329 1415 rerum,
344 1348 420 1405 leniri
433 1366 486 1405 non
498 1355 596 1421 posset.

164 1424 214 1478 XI.
234 1426 326 1497 ltaque
341 1442 428 1495 quum
446 1424 554 1480 eumin
572 1422 720 1479 custodiam
736 1422 869 1491 dedisset,
888 1428 912 1479 et

109 1498 255 1569 praelectus
264 1499 404 1554 custodum
413 1500 567 1571 quaesisset,
578 1497 808 1572 quemadmodum
817 1496 912 1555 mari

110 1572 207 1627 vellet?
222 1582 252 1627 ut
263 1579 429 1638 acerrimum,
440 1574 537 1646 iuquit,
550 1578 654 1639 leonem,
666 1578 912 1644 sollemnissimam

110 1651 280 1715 elephantem.
300 1646 426 1702 Nondum
438 1649 509 1703 enim
522 1656 654 1714 statuerat,
666 1656 835 1706 conservaret
841 1666 909 1715 eum,

110 1739 160 1777 noc
177 1739 219 1777 ne.
258 1726 285 1779 2.
310 1722 436 1778 Veniebat
451 1732 539 1779 autem
555 1724 590 1780 ad
605 1724 753 1779 Eumenem
770 1733 912 1797 utrumque

109 1814 195 1870 genus
208 1797 363 1853 hominum:
383 1799 466 1870 etqui
479 1806 585 1871 propter
595 1799 688 1855 odium
700 1798 821 1856 bustum
831 1798 910 1857 omlis

110 1889 144 1926 ex
154 1873 211 1927 eius
222 1891 285 1929 casu
294 1890 386 1945 capere
395 1874 501 1940 vellent,
513 1882 539 1930 et
548 1875 596 1947 qui
604 1882 710 1947 propter
718 1882 838 1931 veterem
849 1872 910 1931 anri·

110 1948 199 2001 citiam
208 1948 323 2021 colloqui
332 1949 514 2022 consolarique
523 1958 660 2022 cuperent,
676 1948 755 2005 multi
764 1952 856 2019 etiam,
866 1946 908 2025 qui

110 2023 167 2076 eius
181 2022 292 2078 sormam
304 2042 459 2098 cognoscere
470 2025 624 2091 studebant,
639 2024 728 2098 qualis
738 2035 820 2093 esset,
833 2040 907 2099 quen

110 2097 212 2152 tamdiu
225 2107 332 2171 tamque
345 2100 421 2155 valde
433 2101 592 2168 timuissent,
607 2101 686 2156 cuius
698 2101 726 2157 in
739 2101 859 2173 pernicie
867 2116 908 2173 pt-
941 2141 948 2150 r

110 2174 188 2228 sitam
199 2191 274 2245 spem
283 2174 438 2231 habuissent
446 2176 579 2232 victoriae.
598 2179 626 2231 3.
639 2175 906 2249 AtEumoues,quu1t
937 2233 948 2248 ,4

110 2248 211 2304 diutius
224 2250 252 2303 in
266 2250 381 2305 vinculis
393 2258 474 2317 esset,
492 2252 530 2306 ait
541 2251 720 2317 Onomarcho,
739 2268 823 2323 penes
834 2264 905 2325 qun

110 2343 216 2379 summa
234 2325 338 2396 imperii
354 2334 410 2381 erat
425 2328 571 2393 custodiae,
590 2344 619 2382 se
635 2326 742 2391 mirari,
760 2344 846 2400 quare
860 2326 904 2381 ian

110 2402 215 2454 tertium
233 2400 305 2455 diem
321 2401 360 2456 sio
377 2408 518 2458 teneretur:
549 2419 602 2458 non
618 2402 691 2458 enim
707 2401 759 2457 hoo
774 2400 904 2459 eonveuirt

109 2475 236 2547 Antigoni
249 2475 416 2548 prudentiae,
430 2485 461 2532 ut
473 2479 512 2532 sic
523 2475 673 2533 deuteretur
684 2476 768 2545 vieto;
789 2478 856 2551 quin
866 2478 904 2531 aut

110 2551 231 2616 interfici,
246 2558 291 2606 aut
303 2553 417 2607 missum
430 2553 486 2607 beri
500 2552 609 2608 iuberet.
642 2555 669 2608 l.
688 2552 737 2608 Hic
748 2570 836 2625 quum
847 2550 904 2607 loro·
941 2607 948 2628 =

110 2627 167 2679 eius
178 2626 343 2681 Onomarcho
355 2627 429 2699 loqui
443 2627 583 2693 videretur,
598 2625 681 2698 quid?
693 2636 730 2691 tu,
741 2627 840 2702 inquit,
853 2629 903 2683 cai·

101 2716 145 2752 mo
153 2705 242 2757 sc'asto
251 2721 320 2769 eras,
334 2721 382 2761 our
391 2720 445 2759 noo
453 2706 589 2774 loproelto
602 2706 719 2760 metenti
727 2710 826 2775 potiare,
836 2714 903 2777 qua!

933 2529 944 2550 Ι
