1896 3292
171 403 237 461 vlt.
257 402 603 461 namphanionem.
622 404 688 462 vlt.
792 410 820 463 :ll

39 512 104 587 quod
122 509 202 569 talem
220 512 310 567 virum
327 529 342 567 e
360 512 463 569 civitate
480 511 652 583 expulissent.
689 513 781 585 Neque
797 514 826 570 id

39 589 88 644 tine
103 604 183 643 eausa
192 586 312 642 arbitrari
320 587 487 643 videbantur.
524 587 592 642 Nam
604 594 744 659 postquam
752 605 826 644 exeo

39 662 95 719 atui
109 678 229 734 praeesse
240 669 369 732 eoeperat,
384 678 471 733 neque
484 668 552 717 terra
564 678 652 734 neque
663 661 730 717 mari
740 662 826 718 hostes

39 754 107 793 aaran
121 753 179 791 esse
191 743 337 808 potuerant.
375 739 402 791 3.
422 735 471 790 Hie
484 743 540 791 ute
555 736 617 791 navi
634 753 757 810 egresem
776 745 823 801 eet,

39 828 196 885 quamquam
210 811 383 867 Theramenes
394 818 420 865 et
433 809 616 884 Thrasybulus
629 810 729 866 eisdem
747 812 826 867 rebus

39 883 209 951 nraeluerant,
234 885 368 958 simulque
385 893 509 941 venerant
527 884 555 940 in
574 886 722 951 Piraeeum,
739 894 826 941 tamon

39 977 118 1017 mum
133 959 210 1015 illum
223 977 314 1017 omnes
323 961 559 1032 prosequebantur,
574 968 612 1027 et,
628 960 656 1015 id
665 960 738 1033 quod
747 978 826 1016 num—

39 1052 115 1107 quam
123 1042 198 1091 autea
207 1052 259 1091 usu
268 1042 387 1100 venerat,
403 1034 455 1088 nisi
464 1032 601 1108 Olympiae
611 1034 767 1102 victoribus,
782 1053 825 1092 oo

38 1108 105 1165 onis
114 1109 200 1165 aureis
210 1109 349 1182 aeneisque
359 1108 440 1182 vulgo
448 1108 604 1165 donabatur.
631 1109 677 1165 llle
686 1109 826 1166 laminiana

39 1183 110 1241 alem
123 1183 331 1270 benevolentiam
342 1183 442 1270 oiqiram
454 1201 564 1269 suorum
578 1184 731 1255 aooipiebat,
746 1203 826 1240 renn-

39 1258 605 1415 ffinisffllllitfflfoeffiffil
618 1261 826 1398 [οἶίιΡῗιἪ

39 1425 85 1465 am
94 1406 167 1463 ierus
176 1405 262 1470 luerit,
273 1404 340 1477 quin
348 1423 407 1461 erue
415 1421 507 1459 merim
516 1405 664 1469 laorimarit.
675 1407 827 1463 inimicum-

39 1500 85 1555 que
93 1481 139 1536 his
148 1497 177 1535 se
185 1479 338 1544 ostenderit,
352 1495 468 1551 quorum
482 1494 559 1551 opera
570 1480 654 1552 patria
667 1480 761 1553 pulsus
769 1482 827 1538 lue·

38 1563 85 1622 at,
102 1552 282 1626 proindeaosi
294 1551 362 1608 alius
371 1550 500 1625 populus,
511 1570 564 1610 non
574 1552 618 1610 illa
632 1555 703 1626 ipse,
713 1557 762 1627 qui
770 1564 827 1611 tum

39 1632 127 1694 lebat,
152 1645 214 1683 eum
233 1627 363 1702 sacrilegii
381 1628 539 1683 damnasset.
578 1631 604 1685 o.
623 1629 748 1685 Restituta
766 1648 828 1705 ergo

39 1705 99 1760 uuio
112 1710 176 1757 nunt
186 1702 292 1775 publioe
304 1703 386 1772 boum
407 1702 540 1775 iidemque
551 1702 592 1759 illi
600 1703 773 1777 Eumolpidae
784 1724 828 1761 aa·

39 1778 148 1835 erdotes
156 1796 249 1834 rursus
258 1795 386 1835 rosamare
397 1785 462 1833 eunt
474 1785 569 1845 ooaeti,
584 1781 632 1852 qui
644 1797 706 1835 eum
715 1780 827 1837 devove-

39 1862 104 1922 ant3
124 1851 246 1939 pilaeque
257 1852 332 1937 illae,
352 1855 381 1915 in
394 1853 495 1927 quibus
508 1853 612 1911 devotio
624 1853 708 1911 fuerat
719 1856 824 1929 eoripta,

40 1945 144 2060 ¹¹¹1llalrle.
150 1936 365 2059 plrlzffiffiiffidi
374 2002 469 2059 laetitia
479 2020 531 2060 non
540 2003 622 2059 nimis
631 2003 682 2060 luit
690 2004 825 2060 diuturna.

39 2080 99 2135 lim
118 2094 205 2151 quum
217 2077 240 2134 ei
254 2095 345 2133 omnen
361 2086 448 2135 essent
466 2079 576 2135 honorae
594 2079 702 2144 demeti,
723 2087 827 2152 totaque

39 2150 181 2226 aepublioa
190 2152 262 2208 domi
270 2151 387 2225 bellique
395 2153 497 2215 tradita,
509 2161 540 2208 ut
548 2153 629 2209 unius
638 2154 746 2210 arbitrio
753 2173 827 2230 gere-

39 2237 117 2296 ntum
136 2236 161 2282 et
171 2229 226 2298 ipse
235 2226 399 2298 postulasset,
410 2227 561 2283 utduoeihi
570 2228 684 2302 oollegae
691 2228 824 2294 darentur,

39 2301 217 2377 l'hrasybulun
230 2311 256 2357 et
267 2301 440 2363 Adimantus.
461 2319 547 2374 neque
562 2301 588 2357 id
603 2312 727 2434 neqatum
743 2312 824 2360 esset:

39 2376 114 2435 :laese
128 2376 182 2432 iam
195 2376 323 2433 inAaiam
337 2376 480 2450 protectus,
495 2377 568 2451 quod
580 2395 633 2450 apu
662 2378 763 2453 Cymen
776 2378 827 2434 mi-

39 2468 83 2509 nna
91 2469 128 2509 ex
136 2454 262 2507 sententia
270 2466 326 2509 aem
339 2459 467 2526 gesserat,
483 2451 511 2507 in
522 2452 650 2509 iuvidiam
659 2453 760 2509 recidit.
799 2456 825 2508 Ξ.

39 2527 106 2585 llilall
120 2528 193 2583 enim
208 2544 269 2582 eum
285 2545 338 2583 uon
351 2527 451 2583 elfioere
460 2544 535 2599 poene
545 2528 685 2584 dueebant.
722 2529 764 2583 Ex
773 2543 827 2599 quo

39 2600 122 2667 lebat,
137 2609 169 2657 ut
181 2602 269 2657 omnia
283 2602 375 2658 minua
386 2619 508 2673 prospere
520 2610 593 2676 gesta
606 2603 663 2659 eius
676 2601 768 2674 eulpae
781 2600 827 2655 tri-

39 2678 155 2742 buerent,
167 2694 253 2753 quum
264 2694 325 2733 oum
335 2677 547 2752 autnegligenter
556 2685 601 2734 aut
611 2678 739 2734 malitiose
751 2675 827 2730 leoin-

39 2767 60 2807 ιο
71 2750 257 2825 nqrmentn:
277 2752 346 2809 eiout
357 2759 415 2808 tum
426 2752 528 2808 accidit.
565 2754 634 2809 Nam
646 2757 798 2820 eorruptum
811 2767 827 2804 a

39 2842 194 2901 raqeoapere
204 2825 306 2901 Cymen
316 2826 593 2901 noluiasoargmehant.
620 2824 828 2894 alloquebar

39 2917 149 2959 mmm
156 2909 282 2978 putamur
292 2900 361 2959 malo
372 2900 455 2960 laneo
465 2900 576 2959 nimiam
590 2897 742 2974 opinionem
753 2896 828 2971 inqe-
