1896 3292
152 400 223 461 XX.
243 396 460 457 Tlttonssou.
479 398 564 457 (tdl‘.
582 400 634 459 lv.
763 407 797 465 tlt

69 510 167 571 deinde
181 509 308 570 Corintho
324 507 461 565 arcessivit
475 506 595 576 colonos,
612 510 687 584 quod
701 513 738 570 ab
752 514 797 573 bis

44 584 453 664 ioSyraousaeerantconditae.
491 587 519 641 2.
539 584 651 643 Civibus
663 590 797 649 veteribus

56 664 184 733 restituit,
204 661 282 719 novis
299 659 370 717 bello
385 658 547 715 vacuefactas
562 663 741 734 possessiones
755 666 798 721 dt·

44 748 67 811 t;
88 740 199 797 urbium
211 736 315 793 moenia
327 735 436 791 disiecta
447 734 562 807 lanaque
573 736 675 793 deserte
691 739 794 811 reiecit3

44 814 145 873 tatibus
166 813 237 887 leges
258 811 459 883 libertatemque
475 810 602 882 reddidit;
628 830 663 869 ex
679 816 796 874 maximo

44 908 60 949 c
73 899 178 947 tantum
189 888 274 946 edum
283 896 350 944 totae
359 885 463 943 insulae
471 887 631 955 conciliavit,
642 896 672 945 ut
682 890 726 946 hic
733 909 797 949 con-

45 985 58 1023 r
76 966 188 1023 urbium
203 982 310 1031 earum,
330 981 383 1019 non
396 962 451 1029 illi,
469 963 518 1035 qui
530 963 605 1019 initio
622 963 794 1035 deduxerant,

45 1051 136 1099 iretur.
175 1046 202 1097 3.
221 1041 315 1096 Arcem
329 1037 483 1114 Syracusis,
497 1056 581 1111 quam
593 1042 725 1097 munierat
737 1044 797 1099 llio-

45 1120 88 1175 ius
99 1116 136 1174 ad
147 1117 241 1174 urbem
253 1115 445 1181 obsidendam,
459 1132 474 1170 a
487 1113 666 1172 fundamentis
678 1116 794 1189 disiecrt;

45 1212 73 1251 rs
86 1189 237 1269 tyrannidis
248 1189 448 1265 propugnacula
460 1189 602 1247 demolitus
611 1199 659 1259 est,
672 1192 797 1267 deditque

45 1286 107 1336 um,
119 1276 242 1341 utquam
255 1267 366 1322 minime
378 1265 462 1322 mults
474 1267 585 1341 vestigia
594 1268 729 1324 servitutis
740 1288 797 1325 ma·

45 1352 92 1401 rnt.
127 1344 154 1399 l.
173 1342 265 1409 Quum
277 1342 358 1397 tantis
370 1351 438 1398 esset
449 1342 559 1414 opibus,
572 1349 602 1397 ut
612 1343 692 1398 etiarn
705 1344 797 1401 invitis

45 1436 121 1477 erere
138 1427 240 1492 posset,
261 1426 365 1473 tantum
383 1426 471 1473 autem
488 1416 595 1473 heberet
610 1436 726 1475 amorem
738 1436 797 1475 om·

45 1514 67 1553 u
76 1493 239 1560 Siculorum,
252 1501 282 1551 ut
294 1492 368 1549 nullo
381 1500 516 1549 recusante
527 1509 640 1567 regnum
652 1494 795 1552 obtineret:

45 1572 87 1629 uit
96 1588 128 1629 se
138 1569 227 1644 diligi,
241 1586 324 1642 quam
339 1569 431 1624 metui.
470 1569 570 1641 ltaque,
582 1585 668 1641 quum
677 1569 796 1641 primum

45 1648 87 1715 rit,
98 1646 245 1720 imperium
257 1644 387 1717 deposuit,
399 1653 424 1700 et
434 1643 555 1716 privatus
563 1642 712 1718 Syracusis,
723 1646 797 1719 quod

45 1740 126 1797 quum
139 1723 209 1777 vitae
221 1719 281 1786 luit,
293 1721 371 1776 vixit.
410 1723 436 1776 t.
456 1721 549 1792 Neque
561 1737 623 1775 vero
635 1719 664 1775 id
676 1721 798 1794 imperite

45 1806 61 1855 t.
74 1860 80 1867 ,
97 1800 169 1857 Nam
185 1795 259 1871 quod
271 1795 349 1852 semri
361 1812 436 1870 reges
452 1795 563 1868 imperio
579 1804 733 1868 potuerunt,
753 1798 798 1854 hio

45 1872 172 1933 erclentia
185 1873 279 1929 tenuit.
319 1871 416 1928 Nullus
428 1871 511 1927 honos
525 1870 588 1927 huic
600 1871 694 1942 deluit,
710 1890 798 1947 neque

45 1968 77 2009 ee
87 1966 130 2009 res
141 1948 196 2007 ulla
206 1948 346 2023 Syracusis
354 1955 428 2021 gesta
439 1955 479 2002 est
489 1947 603 2019 publice,
615 1946 649 2003 de
658 1966 711 2021 qua
721 1950 797 2021 prius

45 2026 182 2091 berctum,
196 2041 279 2098 quam
292 2023 463 2079 Timoleontis
475 2023 603 2078 sententia
615 2025 729 2097 cognita.
768 2029 795 2081 6.

45 2103 99 2159 lius
114 2118 247 2175 umquam
260 2099 402 2155 consilinm
419 2116 472 2155 non
489 2097 567 2154 mode
579 2098 735 2165 antelatum,
749 2098 797 2156 sad

45 2186 218 2253 nmpnmtum
230 2175 340 2249 quidem
353 2183 402 2230 est.
440 2175 533 2247 Neque
544 2173 573 2229 id
584 2175 671 2250 magis
683 2176 798 2233 benevo-

45 2256 70 2314 is
83 2254 185 2311 lactum
197 2262 245 2318 est,
260 2268 343 2324 quam
356 2248 506 2322 prudentia.

46 2330 91 2389 lv.
111 2330 161 2387 llic
172 2344 258 2402 quum
272 2335 353 2383 aetate
366 2327 419 2381 iam
432 2331 571 2398 provectus
582 2334 659 2391 asset,
671 2326 731 2383 sine
742 2326 799 2383 ullo

45 2406 84 2463 bc
100 2402 206 2461 lumina
223 2401 361 2459 oculorum
378 2402 477 2458 ambit.
514 2401 601 2468 Quam
623 2401 796 2458 calamitatem

45 2482 174 2539 nnuma
185 2479 255 2546 tulit,
269 2488 300 2534 ut
313 2496 400 2551 neque
412 2493 474 2533 eum
486 2487 640 2551 querentem
652 2479 797 2551 quisquam

47 2558 113 2625 ierit,
125 2573 214 2631 neque
224 2573 254 2611 eo
263 2555 354 2610 minus
365 2555 475 2627 privatis
484 2554 653 2627 publicisque
666 2554 745 2609 rebus
756 2554 796 2608 in·

46 2634 118 2691 uerit.
157 2637 185 2691 2.
205 2631 333 2689 Veniebat
344 2640 432 2686 autem
449 2631 477 2686 in
491 2631 637 2695 theatrum,
655 2646 741 2701 quum
759 2629 797 2683 ibi

46 2708 133 2766 cilium
143 2708 236 2783 populi
247 2707 396 2773 haberetur,
406 2715 511 2779 propter
519 2704 697 2762 valetudinem
707 2710 797 2759 vectus

46 2786 118 2841 tentis
132 2785 244 2848 iunctis,
259 2794 339 2856 atique
352 2784 385 2838 ita
399 2782 431 2838 de
444 2781 574 2845 vehiculo,
589 2797 658 2852 quae
670 2778 797 2834 videban-

46 2860 175 2929 .tliccliat;
191 2877 279 2933 neque
291 2860 341 2915 boc
353 2858 391 2914 illi
404 2859 549 2932 quisquam
562 2855 693 2911 tribuebat
704 2873 797 2928 super-

46 2950 68 2993 t.
101 2936 175 2995 Nihil
185 2936 258 2994 enim
268 2953 398 3011 umquam
409 2952 496 3012 neque
505 2931 738 3009 immensusque
747 2930 808 3005 qm-
