1896 3292
250 116 287 172 X.
307 116 411 172 DION.
431 117 514 172 CAP.
535 117 584 173 Vl.
605 118 668 174 vll.
822 123 855 175 te

56 230 84 285 t.
103 226 145 281 Eo
153 233 268 297 tempore
276 226 364 280 aberat
372 226 524 301 Dionysius,
535 232 560 280 et
570 225 597 279 in
608 224 680 279 ltalia
689 223 799 280 classem
808 243 855 299 op·

54 300 207 374 pariebatur
220 300 444 366 adversariorum,
459 308 532 354 ratus
542 300 674 354 neminem
684 299 742 354 sine
750 303 856 373 magnis

54 375 141 447 copiis
150 374 184 429 ad
198 383 388 431 saventurum.
418 378 444 430 ὅ.
465 374 537 442 Quae
546 392 587 429 res
596 391 658 429 eum
667 372 767 429 lelellit.
787 374 855 430 Nam

54 450 124 505 Dion
135 449 168 503 iis
178 450 257 520 ipsis,
273 450 321 521 qui
330 450 382 504 sub
391 449 533 505 adversarii
547 447 649 503 lucrant
662 455 798 521 potestate,
814 466 856 504 re-

54 524 116 599 gios
125 523 235 595 spiritus
244 524 379 596 repressit,
395 525 527 597 totiusque
539 524 596 578 eius
605 525 686 596 partis
696 523 855 595 Siciliaepo-

55 600 122 654 titus
136 606 189 663 est,
204 616 272 670 quae
285 598 337 654 sub
350 599 469 674 Dionysii
486 606 610 671 potestate
628 597 724 666 iuerat;
745 599 856 670 parique

55 672 137 729 modo
145 673 220 727 urbis
227 673 432 747 Syracusarum,
446 681 546 746 praeter
555 690 640 728 arcem
649 681 674 727 ot
684 672 797 728 insulam
809 672 856 727 ad-

56 755 175 803 iunctam
192 748 303 819 oppido,
334 753 360 803 6.
380 765 538 820 coquerem
557 747 692 820 perduxit,
714 755 744 802 ut
757 746 855 802 talibus

55 822 224 895 pactionibus
233 839 323 894 pacem
333 831 463 896 brennus
472 821 554 878 iacere
564 822 655 878 vellet:
666 822 853 877 SiclliamDion

55 896 196 961 obtineret,
216 897 318 952 ltaliam
332 897 488 971 Dionysius,
507 897 651 971 Syracusas
668 895 852 970 Apollocrates,

56 971 102 1027 cui
112 971 258 1026 maximam
267 971 348 1026 sulem
356 973 405 1026 uni
414 972 526 1026 habebat
536 969 633 1047 [Dionl.

113 1045 159 1100 Vl.
179 1046 298 1100 Hastam
312 1062 449 1116 prosperas
461 1053 568 1116 tamque
582 1045 728 1117 inopinatas
742 1063 784 1101 res
793 1063 856 1101 con·

55 1128 147 1175 secuta
156 1127 196 1173 est
204 1119 291 1173 subita
299 1119 481 1185 commutatio,
495 1119 568 1190 quod
580 1119 683 1174 lortuna
692 1137 741 1174 aua
750 1119 856 1175 mobili-

55 1200 123 1258 tate,
135 1209 216 1263 quern
226 1192 315 1263 paullo
324 1199 384 1247 ante
392 1191 532 1258 extulerat,
545 1192 695 1266 demergere
709 1202 748 1248 est
756 1195 854 1249 adorta.

55 1272 85 1327 2.
107 1267 229 1321 Primum
239 1267 267 1321 in
277 1265 345 1332 tilio,
360 1265 456 1340 dequo
465 1267 666 1322 commemoravi
675 1284 768 1338 supra,
779 1286 856 1323 suam

58 1343 118 1396 rim
135 1340 260 1395 exercuit.
298 1342 366 1396 Nam
380 1359 466 1414 quum
480 1359 589 1397 uxorem
608 1341 768 1408 reduxisset,
788 1359 857 1414 quae

58 1415 106 1471 aiii
117 1412 201 1469 iuerat
211 1415 310 1481 tradita,
324 1416 464 1490 filiumque
473 1416 550 1473 vellet
558 1434 678 1473 revocare
687 1417 722 1471 ad
733 1417 855 1473 virtutem

56 1511 72 1547 a
84 1489 187 1562 perdita
201 1488 319 1556 luxuria,
335 1493 433 1565 aoeepit
445 1492 634 1566 gravissimum
648 1509 743 1564 parens
756 1491 856 1549 vulnus

56 1573 142 1621 morte
157 1564 215 1619 filii.
253 1569 279 1621 ὃ.
299 1567 398 1622 Deinde
410 1575 466 1623 orta
484 1567 613 1622 dissensio
625 1577 665 1622 est
679 1567 746 1623 inter
759 1586 821 1624 eum
830 1577 856 1624 et

58 1639 230 1706 Heraclidem,
241 1644 299 1712 qui,
310 1642 383 1715 quod
391 1643 569 1714 principatum
579 1660 631 1698 non
641 1643 805 1707 concedebat,
817 1642 856 1698 ia·

10 1738 33 1761 ··
57 1716 170 1770 ctionem
189 1717 359 1787 comparavit.
396 1719 489 1790 Neque
507 1719 532 1772 is
550 1718 641 1773 minus
659 1717 763 1772 valebat
785 1718 856 1789 apud

58 1789 204 1861 optimates,
215 1807 330 1862 quorum
339 1807 469 1847 consensu
476 1800 592 1865 praeerat
600 1792 687 1857 classi,
699 1810 784 1864 quum
789 1794 855 1848 Dion

58 1864 203 1920 exercitum
216 1864 361 1936 pedestrem
375 1874 481 1921 teneret.
520 1870 547 1922 l.
567 1869 625 1923 Non
639 1866 700 1922 tulit
708 1867 759 1922 hoc
767 1869 856 1923 animo

59 1956 144 2011 aequo
152 1938 233 2004 Dion,
250 1948 276 1994 et
284 1957 392 1996 versum
402 1940 479 1996 illum
487 1942 592 1996 Homeri
602 1940 689 1996 retulit
698 1959 732 1997 ex
741 1943 855 1998 secunda

10 2012 14 2085 'f
59 2012 213 2086 rhapsodia,
228 2013 257 2069 in
273 2032 328 2087 quo
340 2015 405 2070 haec
418 2017 544 2071 sententia
559 2023 610 2071 est:
630 2017 689 2073 Non
704 2019 856 2090 possebene

10 2120 14 2135 ›
58 2090 114 2163 geri
128 2088 318 2159 rempublicam
331 2089 477 2163 multorum
494 2091 622 2162 imperiis.
660 2091 737 2159 Quod
754 2093 855 2148 dictum

10 2202 12 2207 -
58 2180 156 2238 magna
166 2162 267 2219 invidia
275 2173 413 2221 consecuta
422 2173 471 2221 est.
509 2168 630 2239 Namque
639 2168 773 2241 aperuisse
781 2168 856 2223 vide-

10 2254 13 2299 :
57 2236 150 2303 batur,
164 2240 253 2294 omnia
268 2239 296 2294 in
310 2258 358 2295 sua
371 2248 494 2312 potestate
502 2240 644 2298 essevelle.
682 2246 709 2298 o.
729 2241 856 2297 Hanoille

10 2312 20 2383 l
57 2330 111 2368 non
127 2311 209 2368 lenire
221 2314 361 2386 obsequio,
376 2316 424 2370 sed
438 2316 574 2372 acerbitate
586 2318 734 2390 opprimere
743 2314 852 2380 studuit,

10 2434 12 2443 .
56 2386 287 2519 ganolidemque,
303 2406 389 2461 quum
397 2391 540 2466 Syracusas
555 2393 682 2458 venisset,
698 2388 855 2445 interficien-

74 2462 248 2519 umcuravit.

111 2538 171 2593 vu.
191 2536 268 2606 Quod
277 2535 375 2593 lactum
383 2540 507 2596 omnibus
520 2542 669 2597 maximum
683 2539 803 2592 timorem
814 2537 855 2593 in·

10 2672 15 2679 ,
57 2612 128 2669 iacit.
166 2611 348 2680 Nemoenim,
367 2611 571 2684 illointerlecto,
590 2634 620 2672 aa
637 2621 724 2670 tutum
736 2614 853 2685 putabat
