1896 3292
93 184 127 241 at
233 178 351 237 XVlll.
370 176 571 236 EUMENES.
591 176 676 235 CAP.
694 176 746 236 Vl.

93 292 175 357 daret,
192 308 270 364 saepe
284 291 313 347 in
328 290 469 347 itineribus
483 289 643 346 vexabatur:
664 306 753 363 neque
763 307 899 364 umquam

93 368 126 424 ad
137 385 248 423 manum
258 367 379 423 accedere
390 367 493 432 lioebet,
505 366 558 422 nisi
568 366 612 421 his
622 364 697 429 locis.
705 366 808 439 quibus
819 369 900 440 penei

93 443 434 517 multispossentresistere.
455 447 481 498 3.
493 441 899 515 Sedextremotempore,qunm

92 519 204 576 consilio
212 519 271 592 oepi
281 536 335 575 non
346 525 443 590 posset,
458 516 630 573 multitudine
638 518 898 576 eimumventusest.

92 597 160 651 Hine
170 604 269 660 temen,
283 593 443 650 multissuis
453 593 571 659 emissis,
585 593 769 665 seexpedivit‚
779 602 808 649 et
817 594 900 651 inee-

92 669 201 727 etellum
210 670 351 744 Pbrygiae,
364 668 438 742 quod
447 670 517 724 Nore
529 667 686 741 appelletur,
697 668 832 744 oonlugit.
871 674 898 727 t.

92 748 124 803 ln
132 764 188 819 quo
197 762 284 818 quum
293 744 539 811 circumsederetur,
550 752 576 800 et
587 752 731 810 vereretur,
743 762 779 800 ne
790 762 849 802 uno
862 744 901 803 le·

92 840 124 878 co
133 838 245 877 manens
255 837 339 892 equos
349 820 477 875 militares
486 819 615 893 perderet,
629 820 703 892 quod
712 820 835 893 spetiem
845 838 899 879 non

92 905 162 953 esset
175 895 306 970 agitandi:
327 894 455 951 callidum
467 895 520 951 luit
531 896 590 951 eius
600 896 752 962 inventum,
766 896 900 969 quemad-

94 971 204 1028 modum
222 979 296 1027 stans
314 970 466 1027 iumentum
484 971 598 1027 oaleiieri
612 972 783 1045 exeroerique
796 980 898 1045 posset,

92 1065 148 1121 quo
166 1046 293 1102 libentius
306 1053 333 1101 et
346 1046 406 1102 cibo
419 1054 538 1102 uteretur
549 1053 575 1102 et
588 1065 604 1102 e
617 1047 735 1120 eorporis
749 1056 828 1104 motu
844 1066 899 1105 nou

93 1131 282 1179 removeretur.
302 1125 330 1178 ὅ.
341 1121 547 1196 Substringebat
555 1130 636 1194 ceput
645 1122 700 1180 lero
710 1122 803 1189 eitius,
814 1141 899 1197 quam

93 1206 125 1257 ut
147 1198 283 1270 prioribus
301 1197 415 1270 pedibus
434 1197 514 1270 plene
532 1206 629 1253 terrem
643 1206 733 1271 posset
750 1199 897 1274 ettingerm

93 1274 189 1331 deinde
204 1274 395 1346 posterioribus
409 1273 520 1348 ungebat
531 1271 666 1329 exsultare
677 1274 797 1332 etreleas
806 1277 900 1331 remit·

93 1358 156 1407 tere.
177 1349 229 1416 Qui
241 1358 330 1406 moues
342 1366 395 1406 non
404 1350 497 1405 minus
506 1348 632 1405 sudorem
641 1350 802 1416 enuntiabat,
814 1368 898 1424 quarn

93 1427 117 1482 si
131 1426 159 1481 in
170 1425 442 1498 spatiodeourrerent.
473 1428 500 1481 6.
515 1423 575 1490 Quo
585 1423 684 1480 lectum
694 1431 744 1491 est,
755 1426 900 1498 quodom-

93 1502 176 1557 nibus
190 1500 313 1556 mireblle
325 1508 367 1556 eet
377 1500 479 1567 visuro,
495 1506 527 1555 ut
540 1499 660 1556 iumento
672 1517 758 1573 aeque
770 1500 900 1559 nitideex

93 1575 200 1632 castello
208 1575 340 1641 educeret,
346 1591 432 1647 quum
442 1573 594 1647 eomplnres
604 1592 710 1631 mensae
719 1576 749 1631 in
757 1576 900 1635 obsidione

93 1651 198 1716 luisset,
209 1650 556 1723 aeslinoempestribusea
566 1649 631 1707 loeis
641 1651 789 1707 habuisset.
822 1654 851 1710 'l.
868 1654 898 1710 ln

94 1728 145 1783 hee
157 1725 336 1792 conclusione,
352 1725 575 1799 quotiescumque
588 1725 683 1789 voluit.
698 1726 860 1799 adparatum
874 1736 901 1785 et

93 1802 256 1860 munitiones
265 1800 392 1876 Antigoni
403 1800 469 1858 alies
479 1801 606 1869 inoendit‚
617 1801 683 1858 alies
692 1802 808 1859 disiecit.
849 1804 899 1860 Te-

93 1878 154 1935 nuit
168 1886 256 1934 autem
273 1894 303 1933 se
315 1895 371 1934 uno
385 1877 456 1944 loeo,
471 1876 604 1950 quamdiu
618 1876 669 1934 init
682 1877 780 1934 biems.
821 1877 899 1948 Quot

93 1961 210 2010 oestrum
225 1953 346 2010 subsidia
358 1954 456 2009 hebere
465 1971 519 2010 nou
534 1961 643 2025 poterat,
656 1961 682 2009 et
694 1970 742 2011 ver
751 1955 899 2028 appropin-

93 2030 203 2103 quabat,
215 2028 341 2085 simulate
354 2029 497 2095 deditione,
513 2029 579 2085 dum
590 2028 624 2085 de
633 2028 836 2086 conditionibus
846 2037 899 2085 tre-

93 2113 154 2172 mat,
165 2104 302 2177 praefectis
312 2105 438 2179 Antigoni
448 2104 586 2178 imposuit,
597 2121 681 2177 saque
690 2121 720 2160 ao
729 2121 795 2160 suos
804 2123 898 2163 omnes

94 2180 207 2238 extraxit
216 2179 373 2237 incolumes.

147 2258 192 2313 v1.
214 2255 255 2311 Ad
265 2256 338 2312 hune
348 2255 498 2330 Olympias,
514 2264 596 2312 meter
604 2271 676 2329 queo
686 2254 771 2312 iuuat
780 2255 898 2315 Alexan·

93 2333 145 2400 dri,
160 2350 248 2405 quum
267 2331 365 2387 litteres
380 2340 406 2387 et
419 2332 528 2389 nuntios
542 2332 664 2390 misisset
676 2332 704 2388 in
714 2330 819 2401 Asiam,
834 2350 898 2390 con·

94 2409 210 2474 sulturn,
231 2416 323 2464 utrum
342 2409 483 2480 repetitum
503 2408 684 2465 Meoedoniam
702 2408 807 2464 reniret
824 2408 896 2483 (nam

93 2492 153 2540 tum
163 2484 190 2539 in
200 2484 281 2556 Epiro
290 2483 435 2558 habitabat)
444 2491 470 2539 et
479 2501 523 2540 ees
533 2501 576 2540 res
587 2490 741 2556 oocuparet:
781 2487 810 2541 2.
831 2484 896 2541 huie

94 2559 139 2615 ille
149 2560 268 2632 primurn
277 2559 371 2625 suasit,
388 2576 421 2615 ne
432 2576 461 2616 ae
470 2567 596 2626 moveret,
607 2566 633 2615 et
641 2566 814 2633 exspeotaret‚
830 2578 898 2633 quo·

95 2635 128 2690 ad
145 2634 289 2690 Alexandri
307 2634 380 2691 filius
394 2652 509 2709 regnum
524 2636 726 2709 edipisoeretur3
747 2635 793 2692 sin
806 2634 898 2710 eliqua

82 2710 233 2779 erpr‘dr'tate
244 2718 385 2785 raperetur
398 2710 429 2771 in
442 2710 634 2782 uenenorum,
645 2710 771 2772 omnium
783 2710 899 2771 iniuria·
