1896 3292
75 187 124 244 ldl
218 181 336 240 xx111.
354 178 568 239 HANNIBAL.
586 177 672 238 Cdl’.
692 178 726 241 V.

73 295 124 352 nit.
163 293 232 350 Cum
249 293 293 349 lus
310 310 420 348 manum
437 291 581 348 conseruit:
603 299 732 364 utrosque
749 290 864 369 prodiga

73 371 123 425 vit.
161 369 226 424 lude
246 387 294 442 per
314 369 424 442 Liguras
444 368 616 440 Apenninum
638 367 758 434 transiit,
783 379 864 440 quatem

73 444 218 502 Etruriam.
257 448 284 499 3.
304 445 358 498 lloo
373 444 465 499 itinera
481 442 545 498 adeo
560 442 637 517 graui
653 443 748 498 morbo
761 444 864 500 allicitur

73 520 220 585 oculorum,
243 526 275 574 ut
296 527 383 590 postea
405 536 554 591 numquam
575 517 682 574 eleutero
702 519 864 591 aequabant

73 614 141 652 usus
158 596 203 650 sit.
242 593 300 660 Qua
316 593 466 650 valetudine
481 612 568 667 quum
589 594 669 648 etiam
692 600 753 648 tum
771 610 864 667 preme

73 681 160 736 retur,
184 668 326 741 lecticaque
342 667 465 736 ferretur,
489 670 520 725 C.
538 668 702 724 Flaminium
719 668 784 725 Coe.
802 666 864 742 apud

74 747 259 802 Trasimenum
273 761 335 799 cum
353 746 468 800 exercitu
482 743 586 800 insidiis
599 744 813 799 circumventum
829 761 864 801 oo·

73 822 152 877 cidit:
184 835 271 891 neque
292 818 377 875 multo
402 828 461 893 post
481 818 512 875 C.
534 819 690 876 Centenium
714 830 863 890 praetorem,

74 914 135 952 oum
148 894 244 950 delecta
258 912 340 950 manu
352 894 449 950 saltum
462 904 642 967 occupantem.
675 894 746 950 lliue
760 897 787 950 in
800 896 864 967 Apu

74 972 138 1028 liam
155 970 284 1043 pervenit.
322 973 349 1027 l.
369 971 409 1025 lbi
427 971 534 1049 obviam
551 970 575 1026 ei
594 977 724 1027 uenerunt
737 970 793 1026 duo
805 971 864 1027 Coo·

73 1047 154 1112 sulas,
173 1045 204 1102 C.
223 1046 359 1101 Terentius
375 1055 400 1101 et
414 1047 444 1102 L.
457 1045 597 1102 Aemilius.
637 1045 784 1118 Utriusque
799 1062 863 1101 exer·

73 1123 142 1178 citus
154 1138 209 1177 uno
221 1121 319 1195 proelio
331 1120 445 1196 iugavit3
472 1120 595 1177 Paullum
612 1119 750 1178 oonsulern
768 1120 860 1185 oceidit,

73 1207 99 1255 et
116 1197 217 1271 aliquot
233 1206 364 1269 praeterea
379 1195 542 1261 consulares,
560 1196 590 1251 iu
608 1196 649 1251 nis
662 1195 713 1251 Cn.
727 1195 862 1253 Servilium

74 1273 228 1339 Geminum,
242 1273 290 1346 qui
303 1289 373 1330 anno
385 1273 519 1346 superiore
531 1270 615 1327 luerat
626 1270 731 1326 consid.

130 1350 163 1406 V.
183 1351 237 1405 liae
248 1366 339 1423 pugna
349 1357 475 1422 pugnata,
487 1347 597 1403 llomom
608 1345 739 1419 proiectus
749 1344 823 1404 nullo
830 1360 864 1403 rt·

73 1425 195 1490 sistente,
218 1425 246 1480 io
259 1425 417 1497 pmpiuquis
433 1423 509 1479 urbis
531 1421 666 1478 montibus
685 1434 805 1479 moratus
821 1428 864 1479 est.

74 1499 163 1566 Quum
176 1498 278 1572 aliquot
290 1501 326 1554 ilri
340 1499 397 1554 dies
409 1507 491 1554 castra
505 1498 649 1563 habuisset,
664 1505 690 1553 et
701 1506 864 1555 revertemur

74 1574 207 1645 Capua1n3
233 1572 266 1639 0.
284 1573 384 1628 Fabius
396 1575 544 1640 Maximus,
561 1574 671 1629 dictator
684 1573 864 1639 Romauuein

73 1666 137 1723 agro
154 1647 265 1703 Falerno
282 1664 311 1702 se
327 1648 352 1703 ei
369 1648 473 1703 oliecit.
512 1652 539 1705 2.
558 1650 608 1704 llio
627 1648 734 1705 clausus
756 1649 864 1705 locorum

73 1723 205 1798 angustiis
218 1731 296 1778 noctu
309 1721 367 1778 sine
379 1723 434 1778 ullo
446 1722 602 1780 detrimento
613 1725 743 1781 exercitus
753 1741 783 1781 se
793 1740 864 1797 eupo¹

74 1798 157 1868 divit;
192 1798 283 1864 Fabio,
307 1798 479 1854 callidissimo
499 1799 659 1871 imperatori,
685 1800 769 1855 verba
790 1798 864 1855 dedit

74 1878 196 1948 Namque
216 1873 328 1931 obducta
351 1882 425 1929 noete
445 1884 576 1930 sarmenta
593 1876 622 1931 in
639 1875 766 1930 cornibus
781 1875 864 1929 iuven

74 1969 166 2007 corum
176 1948 287 2023 deligata
298 1949 422 2016 incendit,
436 1950 547 2022 eiusque
556 1951 660 2023 generis
672 1949 864 2005 multitudinem

74 2044 201 2099 magnam
213 2025 369 2098 dispalatam
387 2025 507 2080 immisit.
546 2024 604 2091 Quo
621 2026 757 2096 repentino
769 2026 864 2080 obiectu

74 2102 132 2157 viso
146 2109 247 2156 tantum
264 2110 387 2156 termrem
401 2101 489 2156 iniecit
501 2101 626 2156 exercitui
640 2102 829 2164 Romanorum,
842 2105 864 2155 ut

74 2176 161 2252 egredi
172 2185 244 2232 extra
254 2176 355 2232 vallum
365 2193 442 2231 nemo
452 2177 487 2231 sit
497 2194 589 2232 ausus.
618 2179 644 2231 3.
664 2177 737 2230 llanc
746 2184 864 2248 postrato

74 2263 176 2329 gestaru
191 2269 244 2308 non
261 2252 297 2307 ita
318 2251 410 2306 multis
428 2251 523 2306 diebus
539 2252 578 2309 ll.
594 2251 742 2307 Minucium
761 2249 864 2316 linium,

74 2330 232 2403 magistrum
248 2327 378 2400 equitum,
397 2329 455 2398 pari
471 2344 502 2382 ae
513 2326 665 2382 dictatorem
677 2326 799 2398 imperio,
814 2324 864 2382 dol<

74 2404 233 2478 productum
255 2403 284 2457 in
304 2401 449 2474 proelium,
468 2401 581 2477 fugavit.
619 2402 662 2457 Ti.
684 2401 864 2473 Sempronium

75 2481 233 2543 Gracchum,
248 2477 344 2533 iterum
358 2477 502 2542 consulem,
517 2479 546 2533 in
560 2477 673 2533 Lucanis
683 2477 779 2532 absens
790 2477 818 2532 in
834 2476 864 2532 in

75 2555 156 2610 sidias
177 2554 316 2611 inductum
334 2552 451 2608 sustulit.
490 2554 527 2608 lt.
545 2552 687 2610 Claudium
707 2551 864 2608 llarcellum

75 2631 219 2703 quinquies
231 2627 376 2692 consulem,
391 2627 462 2701 apud
474 2628 617 2684 Venusiam
630 2628 687 2700 pari
700 2627 780 2684 modo
792 2628 864 2684 intee

69 2704 140 2761 lecit.
180 2708 207 2762 l.
221 2705 347 2788 Longum
359 2712 407 2774 est,
421 2721 574 2761 enumerare
586 2703 692 2779 proelia.
725 2702 864 2772 Quareliot
