1896 3292
206 405 260 462 111.
280 399 493 460 ARlSl'lllllS.
513 400 598 460 clu.
615 401 655 460 11.
673 403 728 461 111.
833 407 866 463 l'l

67 512 199 587 nequitate
211 510 310 568 laetum
322 519 373 578 est,
393 528 480 586 quum
498 510 527 568 in
545 512 681 568 eommuni
699 511 782 569 elassa
798 522 866 572 esset

68 587 194 645 Graeciae
202 587 284 644 simul
293 604 354 643 oum
363 587 502 654 Pausania,
512 587 566 660 quo
575 585 643 642 duae
651 586 803 644 Mardonius
811 597 867 645 erat

67 661 190 737 fugatus,
208 669 238 717 ut
247 680 352 718 summa
361 661 465 734 imperii
478 661 603 718 maritimi
612 661 646 717 ab
655 660 866 719 laoeduemoniis

68 736 253 793 transferretur
261 736 295 793 ad
303 735 485 792 Athenienses.
518 739 545 792 ³.
564 736 867 809 Namqueanteidtem·

67 829 121 884 pus
133 818 159 866 et
173 811 240 867 mari
253 819 278 866 et
292 818 359 867 terra
371 809 452 866 duoes
464 818 539 866 erant
550 810 759 867 lacedaemonii.
796 812 866 868 Tum

68 893 157 941 autem
171 893 197 941 et
209 885 408 958 intemperantia
416 885 560 941 Pausaniae
571 893 597 940 et
609 884 708 941 iustitia
721 884 818 941 laotrrrn
827 893 866 942 est

68 959 206 1026 Aristidis,
222 968 252 1016 ut
259 977 351 1017 omnes
360 959 414 1015 lere
422 959 539 1017 oivitates
549 959 671 1016 Graeoiaa
680 959 714 1015 ad
721 959 866 1017 Athenien·

67 1034 141 1091 sium
157 1034 304 1090 sooietatem
316 1052 346 1090 se
357 1033 531 1107 applicarent,
552 1041 578 1090 et
595 1033 721 1092 adversus
738 1034 865 1092 barbaros

67 1109 118 1165 hos
128 1108 208 1165 duoes
217 1109 361 1184 deligerent
369 1108 432 1165 sibi.

122 1185 168 1239 111.
188 1183 260 1252 Quos
273 1202 328 1258 quo
340 1183 443 1240 lauilius
456 1181 622 1257 repellerent,
642 1183 666 1240 si
681 1183 746 1240 forte
763 1184 865 1242 bellum

67 1274 195 1314 renovare
203 1266 371 1325 oonmmuar,
388 1257 527 1315 adolasses
535 1258 710 1315 aedificandas
722 1261 865 1317 exereitus-

66 1349 123 1406 que
138 1333 328 1404 eomparandos
346 1339 478 1405 quantum
495 1333 622 1405 pecunim
640 1335 864 1407 quaequaeivitas

66 1407 156 1472 daret,
170 1406 298 1461 Aristides
309 1405 424 1462 deleotus
433 1413 485 1472 ast,
500 1407 549 1478 qui
562 1407 739 1474 constitueret,
753 1409 865 1482 eiusque

66 1479 178 1537 arbitrio
191 1478 372 1552 quadringena
386 1487 412 1534 et
420 1497 550 1554 sexagena
558 1480 653 1536 talenta
665 1484 807 1553 quotannis
815 1485 865 1539 lle-

67 1555 129 1610 lum
142 1560 206 1608 sunt
222 1552 323 1610 eollata.
360 1552 391 1609 ld
410 1552 483 1610 enim
504 1571 644 1610 commune
661 1556 791 1612 amanum
808 1574 866 1613 esse

67 1627 221 1684 voluerunt.
258 1627 425 1695 Quaeomnie
433 1628 545 1700 peounia
552 1637 655 1701 postero
663 1636 778 1702 tempora
785 1631 866 1687 Athe-

66 1721 119 1759 nas
132 1701 255 1758 translata
267 1710 317 1761 ast.
353 1706 381 1762 2.
400 1702 450 1759 llio
466 1721 520 1776 qua
533 1702 613 1760 fuerit
620 1703 789 1773 abstinentia,
804 1704 866 1763 nul·

66 1778 126 1834 lum
135 1776 278 1833 astoertius
287 1776 431 1845 indieium,
447 1795 529 1851 quam
538 1778 623 1853 quod,
642 1795 726 1851 quum
735 1781 814 1837 tantis
823 1799 865 1839 re-

64 1854 119 1909 bus
131 1851 298 1924 praefuisset,
319 1852 348 1909 in
360 1860 432 1910 tanta
443 1861 595 1926 paupertate
607 1853 730 1922 deoaesit,
749 1862 794 1922 ut,
815 1857 864 1944 qul

65 1927 214 1994 efferretur,
229 1927 277 1984 vix
286 1926 432 2001 reliquerit.
470 1931 497 1985 ³.
516 1927 576 1997 Quo
584 1928 682 1986 laetum
690 1937 742 1996 est,
754 1939 785 1986 ut
794 1930 864 1987 filiae

64 2002 124 2058 eius
137 2001 243 2073 publiea
256 2001 400 2069 alerentur,
417 2009 443 2058 et
455 2001 489 2059 de
500 2004 637 2061 oommnni
649 2004 749 2061 aerario
757 2004 864 2062 autibus

65 2076 134 2132 dada
147 2075 344 2134 eollooarentur.
381 2077 496 2134 Deoessit
511 2085 600 2135 autem
616 2078 670 2135 lere
686 2085 746 2152 post
761 2097 864 2136 annum

65 2157 203 2224 quartum,
214 2168 297 2224 quam
306 2151 492 2208 Themistocles
499 2152 611 2210 Athenis
620 2161 675 2210 erat
682 2153 821 2227 expulsus.

429 2395 498 2451 lv·

219 2496 660 2564 'PAUSANIAu

410 2635 478 2694 Car.
498 2636 521 2694 l.

117 2741 301 2819 Pausanias,
330 2744 603 2823 Laeananuonrns,
632 2772 747 2831 magnus
771 2752 860 2823 homo,

61 2825 111 2883 sed
125 2827 216 2884 varius
231 2830 259 2883 ln
268 2829 445 2903 omnigenere
458 2828 526 2885 vitae
535 2828 595 2886 linit.
632 2832 700 2886 Nam
714 2835 745 2884 ut
757 2827 862 2885 virtuti-

62 2901 121 3032 buz
123 2900 278 3033 31:113?
287 2902 536 2961 vitiisestobrutue.
573 2907 600 2964 2.
620 2901 862 3034 Ηυίξὶἰῑιιεπίωὶ-
