1896 3292
192 426 231 483 11.
251 423 558 483 rlauursroclus.
578 425 660 482 Cdl’.
681 428 719 483 11.
838 433 853 487 9

55 535 148 601 batum
169 552 247 608 saepe
261 535 287 591 in
301 537 450 591 concionem
466 533 555 606 popnh
576 535 708 606 prodibam
721 534 794 592 nulla
813 554 855 594 res

55 612 141 668 maior
150 627 209 665 stne
217 627 248 665 eo
256 610 407 684 gerebatur,
418 609 600 680 celeriterque,
616 627 685 682 quae
694 627 761 681 opus
771 619 852 675 erant,

24 743 27 749 ,
56 685 212 758 reperiebat.
251 687 277 740 l.
296 686 388 756 Neque
401 687 491 738 minus
506 685 533 739 in
547 684 626 739 rebus
635 685 757 758 gerendis
765 702 855 756 prom-

56 770 133 833 ptus,
149 776 232 833 quam
241 759 433 833 excogitandis,
449 765 516 823 erat,
533 759 605 829 quod
612 767 640 817 et
648 759 682 814 de
696 760 855 815 instantibus

57 835 96 915 (ut
108 836 146 891 ait
161 833 337 909 Thucydides)
352 834 488 888 verissime
504 833 649 898 iudicabat,
670 834 741 890 etde
759 833 855 889 tuturis

57 910 228 966 callidissime
236 909 399 964 ooniioiebat.
432 907 491 976 Quo
499 906 597 963 lactum
606 915 654 976 est,
666 916 696 964 ut
705 910 779 965 brevi
790 917 856 964 tem

58 1002 120 1059 pore
133 984 314 1040 illustraretur.
855 1012 861 1025 ι

112 1060 148 1115 11.
168 1059 272 1114 Primus
281 1065 369 1113 autem
378 1056 477 1132 gradus
488 1055 536 1113 iuit
545 1056 718 1129 capessendae
728 1057 855 1130 reipubli-

58 1151 103 1190 oae
115 1133 185 1189 bello
201 1133 356 1208 Corcyraeo:
377 1131 410 1187 ad
424 1132 495 1204 quod
508 1132 654 1206 gerendum
667 1142 792 1204 praetera
807 1150 855 1205 po-

58 1208 123 1282 pulo
138 1207 234 1274 taetris,
251 1226 303 1263 non
313 1206 400 1262 solum
410 1208 538 1279 praesenti
549 1206 631 1272 bello,
648 1207 782 1263 sedetiam
793 1207 855 1263 reli-

59 1301 114 1356 quo
127 1289 255 1355 tempore,
271 1281 421 1338 ferociorem
435 1281 548 1337 reddidit
561 1282 702 1338 civitatem.
740 1285 767 1338 2.
787 1284 855 1338 Nam

58 1375 146 1431 quum
156 1357 266 1429 pecunia
277 1355 395 1427 publica,
410 1372 478 1427 quae
486 1373 520 1411 ex
529 1355 640 1411 metallis
650 1356 763 1422 redibat,
776 1356 856 1430 largi·

58 1433 130 1489 tione
144 1431 346 1504 magistratuum
359 1430 501 1501 quotannis
515 1429 643 1495 interiret,
665 1430 708 1486 ille
727 1431 856 1503 persuasit

58 1505 173 1580 populo,
189 1511 220 1559 ut
233 1521 262 1559 ea
277 1505 386 1575 pecunia
397 1502 487 1558 classis
500 1511 606 1559 eentum
619 1505 726 1559 navium
736 1506 857 1561 aedifica-

59 1588 145 1637 retur.
183 1582 209 1633 3.
230 1577 287 1646 Qua
306 1576 421 1633 eeleriler
438 1577 540 1643 effecta,
565 1578 682 1649 primum
701 1579 856 1654 Corcyraeos

59 1654 153 1728 fregit,
174 1652 269 1709 deinde
283 1653 427 1708 maritimos
440 1651 583 1725 praedones
596 1654 767 1710 consectando
785 1671 857 1711 mare

60 1738 149 1786 tutum
158 1727 280 1783 reddidit.
319 1729 349 1783 ln
359 1745 413 1799 quo
421 1744 506 1800 quum
516 1727 616 1783 divitiis
625 1729 740 1795 ornavit,
753 1737 810 1785 tum
818 1737 856 1785 et·

59 1807 114 1861 iam
125 1802 296 1876 peritissimos
305 1801 368 1857 belli
380 1801 480 1858 navalis
491 1801 551 1858 lecit
559 1802 741 1859 Athenienses.
780 1807 806 1860 l.
826 1804 856 1861 ld

58 1887 174 1953 quantae
182 1878 260 1934 saluti
271 1877 349 1933 luerit
359 1877 631 1943 univcrsaeGraeoiae‚
643 1878 711 1935 bello
721 1880 856 1953 cognitum

58 1963 99 2011 est
108 1953 223 2016 Persico.
240 1970 325 2025 quum
335 1953 437 2007 Xerxes
450 1959 475 2008 et
488 1953 556 2007 mari
569 1960 594 2007 et
607 1960 673 2008 terra
686 1953 784 2010 bellum
796 1954 857 2010 uni-

58 2045 151 2084 versae
161 2026 266 2083 inferret
274 2028 394 2100 Europae
403 2043 464 2082 oum
474 2027 553 2082 tantis
567 2027 664 2099 copiis,
685 2037 857 2100 quantaene-

58 2121 114 2177 que
133 2110 192 2159 ante
210 2118 297 2175 neque
362 2110 401 2157 tea
420 2101 513 2157 habuit
531 2102 685 2175 qnisquam.
724 2106 750 2158 ll.
771 2104 856 2159 Huius

59 2179 133 2235 enim
150 2176 242 2232 classis
265 2174 338 2230 mile
356 2184 381 2231 et
400 2175 571 2232 ducentarum
591 2177 700 2232 navium
718 2176 855 2252 longarum

60 2252 119 2318 init,
131 2269 214 2325 quam
224 2250 277 2306 duo
287 2249 369 2305 millia
379 2252 558 2306 onerariarum
566 2252 756 2324 sequebantur3
778 2261 857 2309 terre-

58 2337 127 2384 stres
136 2333 224 2382 autem
232 2325 362 2381 exercitus
371 2325 594 2399 septingentorum
603 2325 717 2382 millium
726 2327 854 2400 peditum.

59 2402 182 2475 equitum
190 2399 443 2474 quadringentorum
453 2399 568 2455 millium
579 2399 693 2458 luerunt.
726 2406 752 2458 6.
772 2403 856 2458 Cuius

59 2476 94 2533 da
106 2475 221 2533 adventu
234 2492 319 2549 quum
333 2473 402 2530 lama
419 2475 447 2530 in
461 2474 596 2531 Graeciam
613 2483 680 2532 esset
699 2477 810 2549 perlata,
832 2484 857 2530 et

59 2551 178 2609 maxime
190 2549 362 2607 Athenienses
381 2549 432 2622 peti
452 2548 599 2606 dicerentur
617 2559 720 2624 propter
738 2569 773 2623 pu
813 2567 854 2604 am

58 2624 264 2690 Marathoniam
285 2624 414 2679 miserunt
424 2622 535 2696 Delphos
548 2626 712 2691 consultum,
727 2625 773 2696 qui
795 2639 855 2677 nam

58 2698 215 2758 laoenutds
228 2699 308 2755 rebus
320 2699 388 2755 suis.
425 2699 634 2756 Deliberantibus
643 2699 736 2774 Pythia
749 2713 857 2767 respon-

58 2776 108 2843 dtr,
120 2782 153 2831 ut
160 2773 299 2831 moenibu
310 2772 405 2848 ligneis
414 2790 443 2828 se
453 2774 596 2830 munirent.
621 2777 648 2829 7.
664 2773 693 2827 ld
701 2786 856 2841 responsum

58 2866 116 2927 quo
125 2848 236 2915 maer,
248 2865 333 2921 quum
344 2847 498 2922 intelligeret
507 2866 592 2914 nemo,
603 2843 789 2902 Themistocles
798 2862 857 2918 pea-

58 2925 160 2993 sumit,
174 2921 533 2996 nomiliamssahpollinis,
550 2930 580 2979 ut
590 2923 617 2977 in
628 2932 707 2976 naves
720 2935 748 2975 se
757 2938 860 2994 suanus
