1906 3066
49 240 54 245 .
175 188 289 250 xv111.
308 186 506 247 EUIIENES.
526 186 610 244 CIP.
630 188 685 246 IX.
703 188 742 247 X.
828 192 861 248 et

112 301 165 357 IX.
184 300 331 357 Dimidium
344 297 398 355 iere
413 299 530 372 spadum
546 297 702 365 coniecerat,
725 317 811 372 quum
827 319 862 360 ex

60 376 135 435 Iumo
145 384 293 433 castrorum
308 376 367 432 eius
382 376 500 448 suspicio
513 372 590 430 allata
606 382 645 430 est
657 374 692 429 ad
702 374 860 443 Eumenem,

61 454 162 512 bostem
175 455 396 529 appropinquare.
426 451 595 507 Conveniunt
606 450 700 520 duces;
714 454 860 525 quaeritur,

63 530 128 605 quid
138 546 208 603 opus
219 530 256 586 sit
266 529 343 586 iacto
381 528 565 603 intelligebant
575 545 681 595 omnes,
700 535 755 584 tam
772 529 863 585 ceteri-

63 614 99 663 ter
113 606 205 678 copies
220 607 340 680 ipsorum
352 605 470 661 contrahi
482 622 536 661 non
549 621 639 676 posse,
658 621 740 677 wem
752 605 863 678 Antigo-

64 698 113 739 uus
123 680 266 737 aduramus
282 680 430 737 videbatur.
469 684 496 737 2.
518 680 567 734 Hio
582 680 708 735 omuibus
724 680 863 735 titubanti.-

64 754 126 823 bus,
138 764 167 813 et
178 756 212 812 de
222 757 302 813 rebus
314 755 428 812 summis
440 755 655 828 desperantibus,
668 756 801 811 Eumenes
814 757 859 822 ait,

64 831 254 887 simleritatem
265 831 348 889 velint
360 830 493 898 adhibere,
507 839 534 887 et
545 831 672 903 imperatu
682 829 775 898 Iacere,
789 831 864 905 quod

65 914 120 963 ante
134 922 191 963 non
206 905 328 973 iecerint,
351 923 381 962 se
396 924 452 962 rem
468 906 665 978 expediturum.
704 909 773 962 Nam
789 907 864 980 quod

65 980 155 1039 didius
167 982 289 1055 quinque
300 981 384 1037 bostis
397 982 521 1037 transisse
532 990 632 1054 posset,
652 999 681 1037 se
696 983 859 1049 effecturum,

64 1064 152 1115 utnon
161 1058 253 1115 minue
263 1057 370 1114 uttidem
378 1056 482 1113 dierum
492 1059 577 1130 spatio
584 1057 770 1114 retardaretur:
780 1076 863 1131 quare

65 1132 243 1199 dormirent,
262 1148 378 1206 suasque
432 1133 509 1206 isque
524 1133 613 1206 copias
625 1134 795 1188 conueheret.
835 1138 861 1187 3.

65 1206 103 1263 Id
116 1207 247 1283 Antigoni
263 1216 351 1264 autem
368 1149 554 1264 reidenanmm
571 1209 700 1279 impetum
721 1207 773 1262 tale
793 1208 863 1279 capit

65 1283 214 1340 consilium.
251 1282 341 1341 Certoe
353 1283 434 1339 mittit
445 1283 566 1339 homines
578 1282 613 1337 ad
629 1281 736 1337 infimos
747 1291 859 1347 montes,

65 1358 106 1431 qui
118 1358 194 1415 obvii
206 1366 281 1413 erent
292 1359 379 1414 itineri
388 1357 608 1422 adversariorum,
620 1356 717 1429 hisque
725 1357 860 1429 praecipit,

65 1443 92 1488 ut
100 1434 190 1508 prima
202 1440 290 1500 noete,
308 1451 390 1508 quom
404 1432 531 1488 latissime
542 1432 658 1505 possint,
677 1432 753 1506 ignes
766 1430 863 1487 iaciant

65 1524 143 1583 quam
159 1508 305 1576 maximos,
325 1516 406 1582 atque
422 1509 472 1564 hos
488 1507 603 1564 secunda
620 1504 712 1580 vigilia
728 1506 860 1573 minuant,

64 1585 134 1641 tertia
145 1584 305 1659 perexiguos
316 1584 441 1641 reddant:
466 1587 493 1640 t.
510 1591 537 1639 et
548 1583 705 1639 adsimulata
717 1590 863 1639 castrorum

64 1659 251 1717 consuetudine
261 1660 439 1733 suspicionem
452 1659 572 1715 iniiciant
583 1659 719 1724 hostibus,
738 1659 781 1712 hie
799 1659 863 1713 locis

63 1750 117 1793 etse
127 1742 228 1801 castra.
246 1751 277 1790 ac
288 1735 322 1791 de
332 1752 425 1791 corum
436 1734 552 1792 adventu
563 1751 621 1789 esse
632 1734 861 1806 praenuntiatum

25 1819 28 1829 '
63 1808 185 1885 idemque
196 1817 299 1883 postera
311 1818 387 1867 nocte
397 1809 503 1865 famant.
539 1812 567 1865 ὅ.
587 1808 691 1877 Quibus
704 1808 863 1880 imperatum

62 1894 128 1953 emt,
142 1884 284 1960 diligenter
295 1893 463 1958 praeceptum
474 1891 577 1940 curant.
615 1884 775 1957 Antigonus,
792 1892 864 1938 tene-

62 1958 115 2017 bris
125 1960 238 2026 obortis,
252 1961 328 2037 ignes
340 1961 519 2033 conspicatur:
535 1956 625 2023 credit,
640 1957 674 2013 de
685 1974 735 2014 suo
747 1959 863 2015 adventu

62 2051 116 2093 esse
126 2036 265 2103 audium,
283 2045 309 2092 et
320 2036 483 2093 aduersarios
496 2034 560 2089 illuc
571 2051 635 2089 suas
646 2035 808 2090 contraxisse
819 2051 864 2090 oo·

61 2112 127 2184 pias.
167 2115 195 2167 6.
214 2113 300 2168 Mutat
314 2111 470 2178 consilium,
485 2118 524 2176 et,
542 2110 670 2182 quoniam
682 2109 863 2183 imprudentes

61 2185 158 2244 adoriri
165 2203 220 2243 non
229 2196 326 2259 posset,
338 2186 418 2243 flectit
429 2187 478 2243 iter
489 2202 580 2252 suum,
591 2193 617 2241 et
625 2184 704 2240 illum
715 2185 863 2241 anfractum

62 2258 207 2349 longiorem
218 2263 338 2335 copiosae
349 2264 409 2320 viae
420 2262 503 2334 capit,
522 2261 615 2334 ibique
631 2260 702 2317 diem
716 2279 802 2316 unum
815 2277 864 2331 op-

61 2347 162 2410 pmitur
172 2338 208 2393 ad
220 2336 403 2394 lassitudinem
415 2336 559 2393 sedandam
572 2336 688 2393 militum
701 2353 732 2390 ao
744 2336 864 2391 reficien-

60 2412 92 2470 ds
105 2414 236 2479 iumenta,
250 2429 306 2486 quo
318 2414 457 2489 integriore
469 2413 584 2469 exercitu
597 2413 753 2468 dwerneret.

113 2489 153 2545 X.
173 2488 218 2544 Sic
233 2490 366 2545 Eumenes
381 2488 509 2545 callidum
525 2489 708 2562 imperatorem
725 2486 789 2542 vicit
800 2501 863 2541 oon·

59 2562 129 2631 silio,
141 2562 351 2637 celeritatemque
360 2564 498 2638 impedivit
506 2564 574 2620 eius.
594 2565 686 2636 Neque
694 2568 781 2616 umen
792 2559 863 2615 mul·

59 2646 118 2695 tum
135 2638 253 2713 proiecit.
291 2644 318 2697 2.
343 2642 412 2696 Nam
429 2640 530 2697 invidia
546 2639 659 2704 ducum,
683 2653 745 2691 oum
762 2636 863 2709 quibus

58 2722 129 2785 erat,
143 2714 309 2790 perfidaque
320 2715 494 2775 Macedonum
505 2724 703 2782 veteranorum,
717 2730 805 2789 quum
816 2729 864 2769 su·
