1896 3292
265 111 302 165 X.
323 110 425 166 DION.
446 109 528 167 CAP.
549 112 601 166 IX.
622 111 659 165 X.
829 114 861 168 ii

58 218 208 282 deduouut,
223 235 254 274 uo
267 220 354 274 iurare
368 226 479 293 eogunt,
496 218 564 274 nihil
579 219 614 274 ab
628 218 675 274 iilo
688 217 799 291 periculi
808 219 861 276 iore

57 293 149 351 Dioni.
187 292 235 348 Ille
245 295 294 349 hoo
303 294 429 368 reiigione
439 312 491 350 non
502 294 580 349 modo
589 313 642 350 non
652 293 804 360 deterritus,
815 296 862 351 sed

41 369 293 427 -sdmnturandum
303 370 444 425 oouoitatus
453 376 504 434 est,
520 386 627 434 verens,
644 368 767 441 ueprius
777 370 862 424 oonsi-

58 444 129 501 iium
138 443 284 514 operiretur
297 463 386 510 suum,
398 462 480 517 quum
491 452 581 500 oonutu
589 443 748 516 perfecisset.

112 519 165 574 IX.
186 519 240 574 flac
249 528 335 576 mento
344 520 464 592 proximo
473 519 516 574 dio
526 519 598 585 sesto,
610 538 696 592 quum
706 538 721 574 u
731 528 861 576 oonveutu

58 602 193 651 remotum
207 595 310 651 soDiou
324 595 396 650 domi
409 602 518 660 teneret,
534 603 613 667 atquo
623 595 650 650 in
665 594 782 650 oouoinvi
792 595 862 650 edito
927 634 933 647 .

58 669 238 735 recubuisset,
253 671 364 726 oonsoiis
379 669 435 731 loou
449 670 589 725 munitiora
602 669 693 742 oppidi
703 669 793 739 tradit,
814 669 863 725 do-

58 761 138 799 mum
152 744 277 800 custodiis
286 746 366 817 sepit,
387 743 513 800 osoribus
521 745 570 817 qui
584 762 636 800 uon
648 744 795 810 discedant,
802 762 860 821 oer-

59 827 101 875 tos
111 818 240 890 praeficit,
266 824 292 874 2.
313 837 408 875 navem
418 820 550 875 triremem
561 820 667 874 armatis
676 828 759 885 ornat,
772 819 862 876 Phiio-

60 901 202 966 strutoquo,
213 893 285 949 fratri
296 911 354 959 suo,
368 894 453 960 tradit,
468 912 580 967 eamque
590 895 618 949 in
627 902 704 966 portu
714 913 730 950 u
749 895 808 950 itari
819 895 861 951 iu-

58 968 113 1033 bet,
125 974 155 1022 ut
164 968 187 1022 si
196 986 314 1023 exeruere
323 968 435 1042 remiges
446 969 536 1024 vellet:
555 969 681 1042 oogitans,
693 969 716 1023 si
725 913 790 1025 dirue
798 986 862 1026 oon-

60 1042 129 1098 siliis
145 1043 287 1097 obstitisset
296 1041 412 1107 fortuna,
427 1051 458 1098 ut
466 1042 587 1107 haberet,
603 1061 657 1116 quo
666 1042 766 1117 fugeret
775 1044 809 1099 ad
818 1063 861 1099 sa-

60 1115 155 1172 lutem.
195 1121 222 1171 3.
241 1116 357 1171 Suorum
371 1123 458 1170 utitem
471 1133 486 1170 e
499 1133 610 1171 numero
624 1118 779 1191 Zacynthios
799 1119 862 1174 udo-

10 1196 15 1265 '3
59 1191 188 1247 iesoeutes
197 1188 327 1262 quosdam
337 1189 423 1263 eligit,
440 1200 526 1262 quum
535 1188 737 1257 audacissimos,
753 1200 810 1247 tum
821 1193 863 1248 vi-

10 1266 13 1275 '
58 1267 139 1322 ribus
149 1264 289 1333 maximis;
310 1264 407 1337 hisque
415 1263 460 1319 dut
473 1264 621 1339 negotium,
637 1265 788 1320 adDionem
803 1275 863 1322 eant

58 1341 191 1403 inermes,
208 1338 286 1393 siout
295 1338 466 1394 conveniendi
480 1339 538 1395 eius
553 1339 637 1414 gratio
652 1339 804 1395 viderentur
817 1358 863 1396 vo-

57 1416 130 1473 uire.
168 1413 202 1468 Hi
211 1420 316 1486 propter
324 1415 441 1470 notitiam
451 1423 514 1470 suut
528 1414 682 1470 intromissi.
722 1418 748 1471 i.
767 1415 859 1482 Atilii,

21 1530 25 1535 -
58 1498 90 1547 ut
104 1488 188 1544 limen
202 1489 260 1544 eius
274 1488 417 1555 intrarunt,
432 1488 533 1545 foribus
543 1490 682 1556 obseratis,
697 1489 726 1546 in
741 1489 806 1547 iooto
814 1507 864 1547 ou-·

59 1565 167 1621 buutem
177 1563 315 1631 invadunt,
327 1556 463 1638 eolligunt,
486 1565 515 1620 iit
523 1566 656 1638 strepitus,
668 1565 732 1622 adeo
742 1577 861 1622 utexou-

60 1639 110 1695 diri
120 1646 208 1713 posset
217 1638 290 1694 foris.
329 1642 355 1695 o.
375 1640 432 1705 iiio,
443 1639 521 1713 (siout
530 1648 590 1696 outo
599 1640 699 1696 drotum
710 1641 766 1714 est),
777 1659 860 1714 quum

23 1740 26 1745 ·
62 1713 147 1771 inrisu
157 1714 192 1768 sit
201 1713 345 1788 singularis
354 1715 480 1786 potentio,
497 1715 757 1782 otmiserundavitn,
774 1717 861 1789 quise

62 1788 143 1845 metui
156 1806 240 1862 quum
249 1789 332 1843 amari
342 1789 457 1855 malunt,
473 1790 560 1845 cuivis
573 1789 648 1845 focile
657 1789 789 1846 intellectu
799 1790 859 1848 fuit.

28 1860 33 1865 ’
62 1867 86 1919 t.
105 1865 230 1936 Namque
244 1862 281 1917 ilii
293 1863 343 1935 ipsi
354 1863 482 1929 custodes,
493 1865 517 1918 si
525 1865 636 1937 propitio
645 1863 757 1921 fuissent
764 1865 861 1921 voiun-

62 1946 122 2004 uu,
139 1937 241 1994 foribus
251 1937 361 1993 effractis
371 1955 545 1994 servaroeum
558 1939 716 2011 potuissent,
733 1941 805 2014 quod
820 1941 860 1996 iili

10 1944 37 2151 ὶ
63 2013 188 2079 inermos,
202 2012 283 2068 telum
295 2012 631 2088 forisiiagitonteo,vivum
639 2016 770 2072 tenebant.
809 2015 859 2072 Cui

97 2106 145 2145 um
155 2096 316 2144 suoourrorst
327 2106 411 2154 nemo,
423 2090 494 2163 Lyco
502 2089 612 2161 quidam
622 2089 804 2165 Syruousanus
813 2108 860 2163 pes

33 2164 41 2173 “
131 2171 185 2220 trus
194 2163 314 2238 gladium
323 2164 402 2231 dedit,
414 2182 468 2237 quo
477 2164 543 2220 Dion
555 2164 703 2221 iuterieoms
712 2173 761 2222 ost.

112 2239 151 2294 X.
172 2238 292 2294 Confecto
302 2239 392 2304 coede,
407 2256 492 2312 quum
507 2239 649 2296 multitudo
663 2240 766 2296 visendi
776 2238 859 2314 gratia

10 2328 37 2361 '····
61 2313 205 2380 intuisset,
225 2313 347 2369 nonnulii
362 2313 395 2369 ub
410 2314 502 2369 insciis
516 2332 564 2387 pro
577 2317 664 2371 noxiis
674 2315 858 2373 oonciduntur.

10 2364 29 2433 'i
60 2389 127 2446 Nem
137 2388 215 2445 oeleri
224 2405 330 2444 rumore
338 2387 509 2453 diluto,Dioni
518 2389 574 2444 vim
584 2391 698 2457 olintum,
710 2387 787 2444 multi
797 2402 861 2440 oon-

59 2470 206 2529 ourreront,
227 2463 328 2536 quibus
342 2462 391 2518 taio
404 2462 507 2520 fucinus
526 2464 689 2537 displicebat.
727 2462 774 2525 Hi,
794 2458 858 2515 falsa

10 2554 12 2561 ·
59 2539 210 2613 suspicione
219 2537 300 2603 ducti,
313 2539 477 2594 immerentes
487 2540 661 2597 utsoeiemtos
670 2534 802 2592 oooiduut.
830 2539 858 2591 2.

10 2618 31 2659 '-
59 2614 146 2671 Huius
160 2612 195 2670 de
207 2620 290 2669 morto
298 2623 329 2668 ut
338 2611 425 2686 polum
435 2612 532 2670 uuum
543 2623 597 2672 est.
617 2610 772 2668 mirabiliter
784 2609 859 2682 uulgi

10 2832 17 2865 Ι
