1896 3292
223 408 324 481 xxn.
343 406 559 467 utultcuu.
579 408 663 469 CAP.
681 408 731 471 tv.
829 416 873 471 tot

12 504 18 617 Ι
54 526 129 581 tnr.
153 520 230 581 Non
245 521 319 579 cuim
334 518 456 579 maiulici
471 526 543 576 tanto
562 519 623 575 viro
643 519 734 577 dsasm
749 528 877 595 potarunt.

12 626 19 672 ·‚
51 650 58 655 .
72 598 134 669 Quo
145 594 247 655 iustum
258 606 312 664 ast,
330 605 387 653 uta
400 594 527 669 praefecto
539 612 644 651 morum
656 596 804 655 Hasdrubal
816 617 878 656 cum

11 674 20 750 ξ
72 692 104 731 en
116 682 251 731 vetaretur
261 690 328 729 csse.
367 672 436 727 Huic
451 670 497 727 iiia
512 670 596 726 filiam
611 688 689 727 suam
701 672 730 728 in
743 674 878 732 matrimo-

11 755 16 799 Γ
72 750 151 809 udum
163 748 247 815 dedit,
261 747 335 823 quod
345 748 467 805 moribus
477 764 569 802 sorum
581 764 634 803 non
647 754 746 820 poterat
758 749 877 806 interdici

11 838 22 851 ’
71 842 163 883 succro
184 840 272 900 gener.
315 827 341 879 3.
365 824 403 879 Da
424 823 474 879 hoo
494 822 553 878 ideo
574 823 734 879 mentionem
755 823 875 893 fecimus,

11 873 25 952 ῗ
71 900 161 977 quod,
175 898 324 957 Hamilcare
335 898 434 965 occiso,
448 897 494 953 ille
504 898 631 954 exercitui
642 898 768 972 praefuit,
783 918 879 974 resque

11 946 26 1093 ἱ
55 994 188 1110 arguas
198 974 297 1107 gpsprrp13
315 983 341 1061 ct
353 974 474 1061 princeps
488 973 624 1105 largdfflm
640 984 756 1107 vetustcsp
771 994 879 1109 peragr-

113 1068 206 1109 mores
297 1067 312 1105 a
343 1067 491 1117 niensium3
512 1066 536 1105 er
589 1067 631 1107 em
651 1067 685 1107 ue
766 1070 825 1109 mor
849 1070 878 1108 m

11 1104 15 1135 ²
71 1067 658 1198 nminicutdcucoepmmund.
695 1068 744 1124 ⁹⁰⁸

88 1225 91 1233 ·
125 1202 176 1261 tv.
195 1202 232 1259 At
242 1200 388 1267 Hamilcar,
407 1210 577 1274 posteaquam
590 1219 662 1257 marc
674 1203 777 1259 unnsiit
788 1205 818 1260 in
831 1204 878 1259 Hi·

10 1324 13 1329 <
52 1330 55 1335 ,
69 1278 252 1355 speciemque
263 1276 344 1343 venit,
356 1293 466 1350 magnas
478 1294 520 1332 res
531 1276 647 1333 secunda
662 1279 744 1351 gessit
759 1279 877 1338 fortuna:

69 1354 208 1413 maumas
219 1351 487 1425 bellicosissimasque
498 1360 590 1426 gentes
602 1353 721 1426 subegit:
735 1357 821 1427 equis,
835 1373 879 1410 an-

71 1430 137 1497 ³³*
149 1425 818 1560 utututtrriutuuduut
829 1431 878 1560 iffi

48 1625 51 1633 .
69 1522 276 1655 fflpdlstudpuam
286 1578 473 1651 iuiiispaniam
482 1586 597 1643 venerat,
609 1578 637 1632 in
647 1544 746 1649 proelio
755 1524 878 1653 pugnnds

71 1656 204 1715 adversus
221 1655 342 1711 Vettones
357 1654 460 1709 occisus
480 1662 529 1709 est.
568 1656 594 1708 ³.
614 1652 701 1708 Huius
722 1663 878 1727 perpetuum

71 1730 169 1789 cdi
178 1747 243 1806 erga
252 1730 384 1786 Romanos
393 1729 510 1785 maxime
518 1728 662 1785 ccncitasss
670 1726 776 1785 videtur
783 1747 878 1788 secuu-

69 1806 141 1865 dum
149 1805 254 1865 bellum
263 1805 415 1865 Poenicum.
444 1803 714 1878 Namqueliannibal,
728 1805 876 1874 filiuseius,

68 1882 197 1943 adsiduis
208 1880 291 1955 patris
302 1881 518 1937 obtestationibus
531 1899 562 1937 cn
573 1890 613 1937 est
625 1880 779 1955 perductus,
793 1891 824 1939 ut
836 1884 878 1941 in·

67 1958 163 2027 tarirs,
177 1974 260 2033 quum
273 1958 405 2013 Romanos
417 1975 470 2013 nou
483 1958 597 2030 experiri
609 1956 708 2014 mallet.

68 2088 879 2131 mmmmm

398 2201 554 2257 xxm.

300 2301 655 2369 HANNIBAL.

419 2444 489 2503 Car.
509 2447 531 2503 t.

126 2548 518 2629 Hnarrrun,11aurtctnrs
539 2582 652 2633 arctus,
676 2565 878 2624 Caarntcuu·

70 2658 170 2701 tants.
208 2638 238 2695 st
250 2656 343 2695 verum
356 2648 404 2706 est,
418 2640 492 2714 qucd
504 2658 582 2698 ncmo
594 2642 705 2706 dubitat,
720 2648 751 2696 ut
762 2640 878 2713 populus

70 2718 210 2775 Romanus
221 2731 314 2771 omnes
324 2724 416 2790 gentes
428 2717 526 2774 virtute
537 2718 680 2791 superarit,
698 2732 752 2772 non
764 2724 805 2771 est
817 2717 878 2773 infi-

70 2791 205 2857 tiandum,
217 2791 391 2847 Hannibalem
404 2800 475 2850 tanto
487 2794 646 2867 praestitisse
657 2799 755 2847 ceteros
765 2791 878 2864 impera-

71 2876 143 2925 tores
163 2865 317 2940 prudentia,
339 2875 439 2941 quanto
461 2870 577 2943 populus
595 2870 729 2924 Romanus
744 2868 877 2927 antecedat

25 3001 30 3011 ,
72 2941 228 3003 tortitudine
238 2951 346 2999 cunctas
360 2944 489 3002 nationes.
527 2949 554 3004 2.
574 2945 643 3000 Nam
659 2944 878 3020 quotiescumque
