1896 3292
122 191 154 243 aa
288 185 342 240 xr.
363 181 604 239 reirrcnnrss.
624 150 707 238 ene.
727 183 749 238 1.

121 301 220 350 mutata
233 302 271 348 est
285 292 416 349 voluntas.
454 293 522 346 Nam
536 291 583 362 qui
598 291 692 345 vivum
702 308 765 345 eum
774 297 916 367 tyrannum

121 371 272 434 vocitarunt,
286 368 366 422 iidem
376 368 537 421 liberatorem
549 368 646 436 patriae
656 366 819 439 tyrannique
827 368 917 442 expul-

121 443 409 515 sorempraedieabant.
447 440 491 495 Sic
500 440 587 495 subito
597 441 775 496 misericordia
789 442 853 498 odio
862 460 918 498 suc·

121 528 241 583 cesserat,
251 527 350 572 uteum
359 534 408 571 suc
416 516 554 590 sanguine,
566 516 588 569 si
598 523 716 586 possent,
733 516 767 570 ab
776 515 917 573 Acheronte

122 592 390 666 cuperentredimere.
428 594 455 644 3.
475 592 565 662 ltaque
574 590 602 645 in
613 591 677 645 urbe
686 589 858 649 celeberrimo
868 592 916 649 loct

122 668 214 731 elatus,
226 667 330 738 publice
338 664 452 737 sepulcri
463 674 631 720 monumento
641 665 753 720 donatus
762 673 813 721 est.
847 667 915 722 Dies

121 744 187 799 obiit
197 742 388 796 circitcranncs
398 739 592 813 quinquaginta
602 740 825 812 quinquenarius,
841 758 915 815 quar-

122 826 180 873 tum
190 824 371 888 postanuum,
385 832 467 887 quam
481 832 514 869 ex
525 814 699 885 Peloponneso
714 815 742 870 in
752 815 914 872 siciliense

123 891 213 946 dierat.
797 910 809 931 ι

122 990 912 1057 ΜΝΜΝΝΜΜΜΜΜΜΜΜΜ

485 1130 552 1184 XI.

306 1231 735 1293 IPHICRATES.

384 1418 385 1423 ,
463 1370 531 1426 Cir.
554 1371 573 1424 l.

177 1479 373 1554 Isarcusres,
403 1489 619 1552 Ariasmenus,
654 1506 706 1544 non
735 1495 790 1542 tam
815 1502 909 1563 genem
939 1496 942 1505 “

122 1582 205 1637 quem
218 1563 400 1636 magnitudine
412 1579 500 1617 rerum
514 1571 646 1642 gestarum
660 1570 684 1618 et
696 1562 837 1634 disciplina
849 1560 911 1617 mill·
936 1544 942 1611 l

124 1639 181 1703 tari,
194 1637 345 1693 nobilitatus
355 1644 403 1692 est.
434 1636 498 1692 Fuit
505 1638 577 1692 enim
587 1638 646 1694 talis
655 1638 720 1702 dux,
732 1645 761 1693 ut
770 1636 911 1694 nouaclum

123 1714 213 1769 aetatis
223 1729 286 1768 suec
296 1711 459 1784 cumprimis
469 1721 674 1784 compararetur,
690 1712 737 1767 sed
749 1729 783 1768 ne
796 1712 830 1767 de
838 1711 911 1767 maie

123 1789 198 1844 ribus
208 1794 272 1843 natu
281 1787 390 1859 quidem
400 1786 545 1859 quisquam
558 1796 765 1860 anteponeretur.
804 1790 831 1844 2.
852 1783 912 1843 unt

123 1871 181 1919 tum
194 1879 256 1919 vcro
269 1861 298 1917 in
312 1861 381 1919 bello
390 1870 429 1917 est
438 1871 569 1927 versatus,
590 1880 666 1935 saepe
674 1862 834 1918 exercitibus
847 1874 912 1934 prae

123 1936 186 2006 luit,
199 1954 333 2009 nusquam
342 1937 420 2009 culpa
429 1955 477 1992 sua
488 1936 556 1992 maie
565 1954 620 1991 rem
630 1938 724 2011 gessit3
745 1954 851 2010 semper
859 1952 912 1991 con·

124 2011 184 2067 silio
193 2012 268 2076 vicit,
284 2018 439 2084 tantumque
449 2011 584 2076 eovaluit,
603 2019 633 2068 ut
642 2012 725 2066 multa
735 2011 763 2067 in
773 2030 801 2067 re
813 2011 912 2066 militar!

123 2086 219 2158 partim
230 2104 298 2141 nova
308 2086 429 2153 attulerit,
441 2087 536 2159 partim
547 2086 653 2142 meliora
663 2085 760 2141 lecerit.
794 2091 820 2142 3.
841 2089 915 2143 Nem·

123 2177 176 2233 que
185 2159 230 2215 ille
238 2159 366 2231 pedestria
376 2180 448 2216 arma
462 2163 585 2227 mutavit,
602 2179 688 2234 quum
706 2169 765 2216 ante
778 2161 858 2217 illum
872 2163 915 2216 im

123 2242 267 2308 peratorem
281 2237 406 2290 maximis
420 2237 533 2310 clypeis,
553 2237 678 2291 brevibus
692 2236 789 2304 hastis,
811 2233 917 2292 minutis

142 2309 219 2366 ladiis
228 2318 371 2365 uterentur.
405 2314 431 2366 t.
451 2311 920 2384 ilicecoutrariopeltamproparmt

122 2328 183 2440 iecit
191 2385 216 2460 (a
225 2401 280 2456 quo
288 2392 376 2456 postea
386 2386 530 2441 πελτασταὶ
539 2386 638 2456 pedites
647 2385 834 2460 appellantur),
851 2394 883 2441 ut
891 2378 923 2440 od

123 2468 211 2516 motus
224 2475 421 2531 concursusque
437 2468 524 2515 essent
542 2461 662 2516 leviores
700 2462 794 2516 Hastae
812 2461 925 2517 modum

123 2534 281 2607 duplicavit3
302 2533 404 2608 gladios
418 2533 548 2609 longiores
562 2535 631 2592 lecit.
670 2535 742 2590 ldem
761 2553 848 2609 genus
863 2533 926 2595 lori·

124 2626 214 2665 carum
225 2609 349 2675 mutavit,
365 2616 390 2665 et
402 2627 450 2681 pro
459 2611 535 2664 sertis
544 2619 621 2682 atque
631 2611 718 2665 aeneis
733 2610 827 2666 linteas
841 2610 929 2667 dedit·

71 2752 73 2757 Α
124 2682 261 2748 Ouolacto
274 2684 446 2758 expeditiores
461 2685 557 2742 milites
572 2685 693 2741 reddidit.
731 2686 800 2741 Nam
809 2685 933 2758 ponde·
