1896 3292
364 64 376 81 ι.

111 418 176 477 XV.
194 418 491 478 Brautuouoas.
510 420 593 478 CAP.
613 422 664 481 vt.
753 426 786 481 ol

42 532 322 583 ommimreettorm
330 532 464 585 ooneltim.
493 531 519 586 l.
539 529 787 601 Nomposttorpnn

42 619 59 657 r.
91 603 641 673 ltaqoeqoieodtotinoooluotsrul,betto
649 610 788 662 enormi·

53 678 150 730 delent.
190 676 279 741 Quare
290 681 316 731 si
331 681 465 746 principes
480 677 608 733 Gmeotor
626 694 681 733 seer
698 682 786 743 oulttr,

42 754 82 805 ris
94 759 132 804 est
145 752 217 805 eolis
225 755 359 815 utendum,
372 768 425 806 non
433 754 577 819 palaestro.
614 754 642 807 e.
661 751 735 807 Idem
744 752 789 809 illo

42 822 143 879 eolides
152 840 238 895 quum
248 823 457 890 huioohiioeret,
472 824 546 897 quod
560 824 657 881 liberos
671 842 725 882 non
739 826 788 881 ha-

42 905 57 953 =t
90 914 178 969 neque
196 914 306 953 uxorem
324 897 458 967 duxisset,
482 898 654 972 maximeque
672 899 789 955 insolen-

42 990 63 1038 ι,
79 972 152 1044 quod
165 971 218 1027 sibi
232 972 440 1046 Agamemnonis
451 972 516 1028 belli
528 972 642 1047 gloriam
655 973 788 1030 videretur

42 1053 153 1102 ocutus:
163 1047 206 1111 Ar,
216 1046 271 1112 ille,
282 1050 378 1111 mne,
389 1047 486 1120 inquit,
497 1048 652 1112 Homolion,
661 1052 694 1102 dr
703 1065 789 1104 exors

42 1125 49 1176 i
60 1124 236 1189 expromere.-
253 1137 317 1175 nom
328 1124 429 1176 sollius
440 1126 470 1176 io
478 1126 531 1176 teto
538 1138 569 1177 re
580 1126 666 1178 miuus
674 1127 715 1178 oti
725 1140 788 1178 ooo·

43 1218 46 1239 »
67 1198 133 1250 volo.
171 1193 302 1267 (llahehat
322 1195 396 1250 enim
422 1194 581 1251 lleneolides
607 1196 788 1269 suspicionem

43 1268 126 1341 herii.)
163 1272 190 1323 6.
213 1268 788 1338 Ουοᾱαυωηιιηοάςαωωνιωοηιαοιιωαή
836 1274 843 1281 “

43 1361 74 1408 u,
84 1345 196 1414 (athas.
234 1342 352 1411 Namque
361 1346 408 1396 ille
416 1346 607 1399 eumwrtoerso
618 1342 788 1401 &aedom

43 1418 436 1482 mairomontem,-
454 1432 500 1484 ooo
514 1424 607 1471 semro
619 1421 788 1473 eomrortrlo

43 1487 789 1559 radioquettnolotamllrootium,laoedoooiooilellt·

43 1582 63 1628 s,
76 1566 194 1618 liberant.

43 1639 87 1693 Vl.
107 1636 180 1691 ldem
194 1652 279 1708 quum
293 1636 323 1693 in
336 1643 497 1694 eonventum
515 1636 631 1693 venisset
643 1636 786 1707 erendum,

43 1728 86 1776 ns,
97 1718 128 1766 ut
136 1709 283 1765 sociotatem
292 1727 354 1768 eum
364 1711 498 1767 Thebanis
507 1719 533 1767 et
541 1711 650 1786 Argivis
657 1711 784 1770 iacerent:

43 1802 128 1858 reque
141 1783 317 1852 Callistratus,
331 1784 535 1842 Atheniensium
544 1786 660 1860 legatus,
675 1787 724 1861 qui
733 1788 787 1844 elo-

43 1861 92 1916 ntin
100 1876 194 1916 omnes
202 1876 233 1916 eo
242 1861 389 1932 preeunt
398 1867 526 1933 tempore,
538 1862 689 1933 postularet,
701 1872 731 1918 ut
739 1880 788 1935 po-

47 1934 191 1990 amioitiam
200 1934 530 2007 sequerenmrlttioorum,
540 1943 567 1991 et
575 1936 604 1993 in
613 1938 729 1994 oratione
737 1954 787 1992 sua

43 2018 68 2065 to
81 2011 202 2066 invectus
216 2010 640 2084 essetinl'hehanosethrgivos,
656 2012 685 2066 in
695 2011 718 2066 e'
753 2028 787 2067 ue

43 2085 182 2157 posuisset,
200 2088 228 2141 2.
239 2083 446 2141 animadvertere
455 2084 550 2140 dehere
558 2084 682 2151 mdes,
694 2102 732 2158 qu

43 2176 96 2232 que
109 2158 203 2215 civitas
215 2159 288 2215 eires
299 2168 474 2231 pmueesset,
491 2176 525 2215 ex
538 2159 640 2230 qulbus
651 2159 686 2214 de
693 2161 786 2216 oeteris

44 2243 90 2289 ent
104 2233 234 2289 indicere:
254 2232 369 2307 Argivos
382 2234 455 2288 enim
468 2232 551 2288 lusisse
559 2232 677 2289 Orestem
689 2242 716 2291 et
723 2234 787 2291 Alo-

43 2326 135 2373 onem,
150 2306 314 2375 matricidis,
336 2307 435 2362 Thebis
448 2306 580 2379 Oedipum
598 2315 705 2376 natam,
724 2310 784 2382 qui,

44 2400 71 2437 m
83 2391 183 2455 patrem
192 2398 273 2437 suum
284 2380 465 2447 interfecisset,
481 2398 515 2438 ex
528 2390 611 2438 matre
619 2381 716 2441 liberos
724 2400 786 2455 pro-

44 2462 109 2513 sset:
140 2460 167 2511 ³.
186 2455 231 2511 hio
240 2456 268 2511 in
283 2455 683 2531 respondendullpominondas,
698 2474 786 2529 quum

44 2531 123 2586 eteris
137 2538 293 2601 perorasset,
314 2539 455 2603 postquam
468 2531 503 2587 nd
516 2530 562 2587 illa
575 2531 628 2587 duo
644 2530 785 2601 opprobrie

44 2606 113 2671 enit,
124 2604 248 2660 admirari
258 2604 365 2660 seilislt
371 2604 509 2661 stultitiam
516 2606 628 2661 rhetoris
636 2603 724 2667 Attioi,
776 2605 783 2617 '

48 2678 274 2745 animadverterit,
284 2679 436 2735 innoeentes
444 2680 504 2736 illos
514 2688 601 2748 natos3
621 2676 694 2733 domi
703 2620 786 2733 soll:

44 2753 156 2819 dmisso,
191 2754 583 2826 uum'patrie-essentexpulsi,
598 2757 714 2821 receptos
727 2766 785 2807 esse

44 2770 243 2884 ,lhenienslhun
270 2830 298 2883 l.
317 2823 785 2896 Sedmsximeeiuseloquentieelu·

44 2904 163 2976 Spartae,
193 2901 271 2976 legati
295 2910 356 2958 ante
376 2920 496 2978 pugnum
514 2898 686 3031 Leuphpmm.
725 2898 785 2969 Quo
