1896 3292
163 423 261 480 xv11.
280 421 512 481 AGESlLAUS.
531 423 615 481 CAP.
634 426 673 482 ll.
693 428 747 483 lll.
821 430 856 485 ’lb

55 531 203 591 mutendit:
224 531 362 605 usquein,
376 531 561 605 quodpetivit‚
576 539 732 589 mnseeutus
740 540 790 590 est.
827 538 851 591 ὅ.

55 610 126 665 Nam
134 606 274 681 Lysandro
281 606 454 681 suffieganta,
465 606 586 673 bomine,
597 614 628 662 ut
637 607 801 663 ostendimus
810 626 856 665 su-

55 700 118 812 pra,
134 679 240 736 factioso
249 680 498 753 etbistemporibus
504 687 621 752 potente,
636 681 776 756 Agesilaus
784 690 857 738 ante-

65 763 185 813 auisset.

111 831 147 884 11.
166 829 215 884 llio
232 829 393 902 simulatque
411 827 516 901 imperii
532 829 632 900 potitus
649 836 702 894 est,
727 830 858 901 persuasit

55 900 283 970 Laoedaamoniis.
299 911 330 960 ut
338 904 483 960 exereitum
491 903 637 959 emitterent
645 904 674 959 in
684 903 775 958 Asiam
800 901 857 957 bel-

57 979 233 1054 lumqueregi
242 977 367 1034 faosi-ent:
378 977 483 1044 doeens,
495 977 578 1033 satius
586 994 643 1033 esse
652 978 681 1033 in
690 976 762 1043 Asia,
774 993 856 1049 quam

56 1054 86 1109 in
101 1052 207 1124 Europa
221 1052 352 1108 dimicari.
390 1054 512 1125 Namque
525 1050 595 1106 fama
607 1052 718 1117 exierat,
733 1050 857 1107 Artaxer·

56 1126 758 1271 ffldtffllffit‘lffittlta
767 1142 856 1255 atti

56 1293 125 1331 usus
133 1283 181 1341 est,
193 1282 224 1330 ut
231 1276 307 1348 prius
316 1273 440 1330 talaiam
449 1290 511 1329 oum
520 1273 603 1345 oopiis
611 1274 766 1346 pervenerit,
773 1290 856 1347 quam

58 1351 125 1424 regii
135 1357 252 1420 satrapae
260 1366 323 1404 eum
332 1348 429 1403 seirent
436 1346 590 1419 proiectum.
628 1347 686 1414 Quo
699 1346 797 1403 faenum
805 1354 855 1408 eet,

57 1432 88 1480 ut
96 1441 190 1478 omnes
200 1424 341 1492 imparatos
350 1420 581 1492 imprudentesque
592 1420 741 1476 offenderet.
778 1424 806 1477 ³.
825 1421 856 1475 ld

59 1506 88 1554 ut
97 1497 222 1570 cognovit
230 1494 431 1567 Tissaphernes,
446 1493 494 1565 qui
503 1510 640 1548 summum
649 1494 790 1565 imperium
798 1500 855 1549 tum

58 1574 128 1626 inter
138 1567 279 1641 praefectos
287 1567 401 1623 babebat
413 1566 513 1641 regios,
529 1565 648 1622 inducias
657 1584 673 1622 a
681 1569 783 1623 Laeone
790 1571 857 1639 peti-

58 1647 113 1709 vit,
129 1641 273 1708 simulans,
288 1640 389 1697 sedare
397 1658 517 1713 operam,
532 1647 563 1695 ut
571 1639 783 1697 Lacedaemoniis
795 1656 856 1696 eum

59 1715 293 1791 aegaeonveniret;
310 1714 645 1788 reautemvaraadoepias
653 1713 855 1787 eompmandas:

58 1808 159 1864 easque
173 1790 320 1862 impetravit
332 1790 485 1846 bimestres.
522 1791 549 1846 l.
568 1789 668 1847 Iuravit
681 1796 768 1847 auwm
785 1797 854 1846 uter-

58 1884 127 1940 que,
138 1866 235 1921 sosine
243 1864 304 1922 dolo
312 1865 433 1921 inducias
441 1871 667 1921 commoturum.
705 1866 737 1920 ln
746 1881 800 1937 qua
808 1882 857 1937 pa-

58 1944 144 1997 etione
157 1956 262 1995 summ
276 1938 329 1996 lide
340 1940 439 1997 mansit
450 1938 603 2014 Agesilaum
623 1946 712 1996 eontra
724 1956 755 1994 ea
769 1938 858 1994 Tissa-

59 2017 173 2089 phernes
188 2013 255 2069 nibil
269 2013 356 2081 eliud,
369 2030 452 2088 quam
461 2012 563 2069 bellum
571 2013 741 2086 eomparauit.
780 2014 807 2067 ὅ.
826 2012 858 2067 ld

59 2091 108 2146 etsi
121 2089 248 2145 sentiebat
256 2089 337 2156 Lam,
348 2096 436 2145 umen
444 2087 631 2144 iusiurandum
640 2086 774 2152 servabat,
785 2084 858 2142 mul-

58 2173 171 2237 tumque
184 2163 213 2219 in
227 2179 258 2220 eo
270 2179 300 2218 se
312 2162 439 2236 oonsequi
452 2161 567 2228 dioebat,
583 2160 655 2234 quod
668 2160 857 2233 Tissaphernes

57 2238 175 2311 periurio
188 2254 238 2293 suo
251 2243 277 2292 et
289 2235 475 2292 homiuessuis
483 2234 563 2291 rebus
572 2234 742 2301 abalienaret,
757 2242 783 2291 et
794 2235 857 2292 deos

57 2314 112 2370 sibi
122 2312 202 2368 iratos
210 2310 340 2381 redderet;
358 2316 485 2366 mauwm
493 2316 645 2366 conservata
657 2308 783 2384 religione
794 2327 857 2367 eon-

59 2389 166 2443 firmare
178 2385 337 2452 exereitum,
348 2401 435 2458 quum
443 2382 671 2450 animadverteret,
686 2384 796 2440 deorum
806 2402 858 2440 nu-

57 2479 122 2517 men
136 2459 219 2515 faeere
231 2476 335 2526 smum,
350 2458 525 2531 hominesque
536 2457 589 2514 sibi
602 2458 735 2515 eonoiliari
750 2457 858 2514 amicio-

58 2553 115 2601 res.
132 2534 206 2607 quod
214 2534 258 2589 bis
269 2533 375 2591 studere
386 2539 568 2599 consuessent,
583 2550 651 2606 quos
663 2548 817 2589 oonssrvare
826 2530 858 2584 fi-

56 2610 121 2666 dem
131 2609 260 2664 viderent.

114 2684 161 2739 lll.
175 2684 317 2756 Postquam
325 2682 493 2738 induaiuum
502 2681 632 2755 praeteriit
640 2680 707 2745 dies,
717 2678 856 2743 ments,

57 2776 114 2815 non
129 2757 267 2823 dubitans,
283 2756 357 2829 quod
369 2756 455 2829 ipsius
467 2762 542 2811 amnt
553 2755 668 2829 plurima
682 2749 815 2808 domicilia
829 2750 858 2806 in

57 2832 150 2897 Caria,
165 2830 309 2905 etearegio
318 2830 362 2885 bis
370 2831 533 2902 temporibus
540 2829 625 2885 multo
636 2823 859 2901 putebattuloau-

57 2906 219 2983 pletissima,
243 2921 275 2963 eo
291 2904 461 2979 potissimum
478 2904 566 2961 bostes
585 2902 714 2974 impetum
735 2896 857 2966 iaeturos,
