1896 3292
75 172 124 230 lii
160 168 256 228 XXV.
275 164 454 227 ATTICUS.
473 165 558 227 CAP.
576 166 661 227 xvi.
679 166 783 229 xvn.

73 276 369 353 remvidcreturagcre.
406 278 561 352 Numquam
573 278 690 352 suscepti
703 286 873 355 negotueum

73 360 222 426 mesum
238 359 288 409 est.
325 352 407 409 Suam
426 352 499 408 euim
514 352 739 411 existimationem
754 354 785 411 in
802 372 835 411 ea
848 372 873 412 ra

74 428 119 504 agi
129 428 251 501 putabat:
274 445 328 501 qua
340 426 409 483 nihil
417 427 529 484 habebat
537 428 635 484 carius.
674 432 704 485 ³.
717 429 780 497 Quo
787 430 871 497 lisbat,

73 510 105 559 ut
115 503 205 560 omnia
217 501 383 569 Ciceronum,
396 502 511 569 Catonis,
523 503 609 570 ilarii,
619 502 654 572 Q.
664 505 811 573 Hortensii,
821 505 873 562 An·

74 578 94 634 li
107 577 242 666 Torquati,
260 576 405 635 multorum
416 585 547 651 praeeras
557 578 680 667 equitum
692 580 871 669 Romanrum

74 652 872 802 tuditisl‘ttalittldffiiffi*

130 803 202 860 XVI.
221 803 398 859 Humanitatis
413 819 476 860 vero
494 802 601 859 nullum
617 801 721 859 adicn'e
736 804 828 861 maius
837 812 870 861 tc·

75 877 231 934 stimonium
246 894 366 950 possum
384 894 467 951 quam
482 877 556 952 quod
567 876 719 934 adolescens
732 878 808 939 idam
819 878 869 937 aeni

75 951 164 1009 Sullae
175 949 254 1007 luerit
265 950 485 1019 iucimdiseimus,
498 970 580 1009 sensu
591 951 750 1009 adolescenti
760 954 871 1011 Mnu-

75 1034 115 1096 to;
142 1044 205 1083 cum
221 1026 376 1101 aequalibus
392 1034 480 1084 nutem
496 1027 567 1094 suis,
589 1026 623 1096 Q.
640 1028 783 1085 Hortensio
797 1036 824 1087 et
836 1028 868 1085 E

76 1102 209 1170 Cicerone,
223 1103 263 1158 sio
274 1102 379 1168 vixerit,
393 1110 424 1158 ut
435 1101 552 1159 iudicare
562 1101 670 1159 difficile
681 1103 728 1169 sit,
741 1102 869 1161 cuiuctall
912 1154 914 1175 ,

75 1178 154 1235 luerit
166 1178 329 1251 aptissimus.
363 1180 390 1236 2.
403 1177 572 1250 Quamquam
584 1194 646 1233 eum
657 1178 871 1251 praecipuaque
910 1226 914 1235 .

75 1255 117 1310 xit
132 1254 231 1320 Cicero,
248 1262 280 1309 ut
291 1270 325 1309 ne
336 1250 414 1308 irater
429 1252 539 1326 quidem
554 1253 580 1308 ei
591 1251 708 1320 Quintus
719 1252 871 1311 mricrluc·

75 1330 166 1385 ritant
178 1327 342 1385 familiarior.
379 1330 407 1383 3.
426 1328 459 1383 Ei
470 1328 508 1383 rei
521 1336 585 1383 sunt
595 1325 702 1394 indicio,
716 1334 871 1415 praetenta

76 1402 169 1471 libros,
184 1405 211 1459 in
224 1404 325 1477 quibus
337 1402 370 1459 de
381 1419 413 1459 co
424 1401 485 1458 lacit
494 1402 663 1469 mentionem,
673 1418 725 1475 qur
734 1402 764 1459 in
774 1402 871 1480 vulgus

75 1487 139 1535 sunt
155 1479 226 1545 editi,
244 1477 378 1534 sexdecim
389 1476 525 1535 volumina
537 1476 717 1549 epistolarum,
731 1477 767 1534 sb
779 1488 883 1535 curun-¹

76 1551 131 1609 latu
143 1554 201 1608 eius
213 1569 299 1624 usque
310 1551 345 1609 ad
356 1559 504 1609 extremum
516 1560 620 1625 tempus
630 1551 666 1608 nd
677 1552 800 1609 Atticum
810 1552 873 1609 mb-

75 1643 179 1683 aarum:
206 1642 275 1698 quae
289 1627 339 1699 qui
355 1624 433 1700 legat,
451 1644 504 1683 non
522 1628 638 1683 multum
649 1626 783 1683 desideret
793 1627 870 1685 libic-

76 1701 144 1757 riam
168 1706 315 1756 contextam
343 1699 451 1757 illorum
474 1709 634 1774 temporum.
680 1703 708 1758 i.
733 1702 781 1759 Sic
789 1742 793 1747 -
801 1700 870 1759 nim

76 1775 165 1833 omnia
181 1776 215 1831 do
225 1774 321 1832 studiis
336 1774 498 1848 principum,
512 1778 585 1834 vitiis
596 1777 706 1843 ducum,
719 1776 872 1835 mutationi-

75 1853 128 1908 bus
140 1850 254 1925 reipubl.
267 1850 410 1924 perscripta
426 1859 498 1919 sunt,
516 1861 547 1908 ut
557 1852 626 1908 nihil
639 1851 667 1907 in
679 1851 714 1907 iis
726 1868 785 1909 non
794 1868 874 1925 uppu-

76 1935 139 1992 reat,
158 1935 183 1983 ot
198 1926 274 1983 iaoile
288 1927 434 1983 existimari
449 1927 541 2001 possit,
559 1926 728 2000 prudentiam
743 1928 874 2001 quodam·

76 2001 155 2058 modo
166 2019 223 2057 esse
234 2002 433 2059 divinationem.
471 2003 530 2059 Non
546 2004 617 2058 enim
630 2001 719 2058 Cicero
731 2018 763 2058 eu
773 2002 871 2067 solnm

76 2095 146 2150 quac
162 2077 225 2133 vivo
241 2094 271 2155 se
286 2077 455 2143 acciderunt,
472 2077 561 2133 lutura
576 2076 715 2149 praedixit,
734 2075 784 2133 scd
796 2078 873 2134 ctiam

77 2159 746 2300 quill?lilpleillllffllll‘lli‘lm
757 2242 874 2282 amm,

76 2301 195 2359 morem‘l
218 2318 305 2373 quum
322 2302 373 2357 hcc
388 2302 476 2374 ipsum
493 2319 554 2357 vera
570 2301 725 2375 gloriantem
741 2300 873 2357 audierim

78 2379 105 2433 in
117 2377 210 2433 funere
221 2377 394 2442 matrissuae,
408 2394 490 2449 quam
499 2376 593 2432 extulit
601 2392 732 2433 annorum
741 2376 875 2451 nonagin-

76 2462 111 2518 ta,
125 2469 211 2525 quum
222 2458 291 2506 esset
301 2457 400 2522 septem
412 2459 438 2506 et
448 2452 594 2526 sexaginta,
608 2468 801 2523 ennumquam
812 2468 875 2507 cum

77 2535 159 2583 matre
169 2527 197 2582 in
209 2526 322 2600 gratim
334 2524 441 2592 redisse,
455 2544 522 2581 num
561 2544 604 2581 am
616 2543 678 2581 cum
690 2542 779 2583 sorore
790 2524 876 2583 fuisse

77 2603 104 2656 in
117 2600 258 2667 simultate,
273 2616 444 2674 quampmpe
453 2618 520 2674 aequ
546 2601 720 2657 emhabebat.
754 2604 783 2658 2.
797 2600 875 2669 Quod

76 2683 116 2732 est
126 2678 246 2752 signum,
260 2682 307 2733 aut
317 2674 420 2734 nullam
432 2692 562 2752 umquam
574 2677 642 2732 inter
652 2693 697 2733 ecs
708 2674 876 2750 querimoni-
