1896 3292
130 162 134 169 .
181 96 298 169 xriur.
319 111 534 168 uuuurenu.
555 113 637 169 eur.
656 114 709 171 rx.
729 114 766 172 x.
822 120 871 174 ιιι

10 264 14 289 2
54 228 121 283 hm
143 223 176 280 in
197 222 299 299 egendo
318 222 388 279 bello
409 240 500 296 parere
521 222 648 279 voluisset
668 225 787 280 consiliis
800 226 868 294 eiua,

10 294 12 305 '
55 316 152 377 ςιιιιιιι
182 298 212 354 iu
240 298 408 371 suscipiendo
437 298 599 365 instituerat,
630 302 741 373 propius
770 302 867 369 Tiberi,

10 316 17 457 ι
174 373 369 449 Thermopylis,
393 374 426 429 da
448 392 554 429 summe
579 376 684 447 imperii
706 375 867 432 dimicasset.

10 460 15 555 l
55 388 154 521 3:³¹
175 450 224 505 etei
246 450 331 506 mulla
353 449 433 505 stulte
449 451 538 505 conari
555 449 669 517 videbat,
688 458 775 507 tamen
795 451 869 508 nulla

10 568 15 598 ,
36 524 186 583 -rtaeenrir
203 525 232 581 in
248 542 287 582 rc.
327 527 353 581 l.
373 524 489 581 Ptaelrrit
504 526 598 597 paucis
615 526 739 592 navibus,
754 544 823 599 quas
835 545 868 584 ex

10 614 12 653 ε
57 600 81 659 S
119 601 127 615 '
162 600 256 656 lusam
276 609 332 656 er'at
349 600 378 656 in
395 601 487 656 Asiam
505 600 608 668 ducere,
627 602 724 675 hisque
739 602 867 658 adversus

10 678 12 685 '
59 678 85 733 b
145 676 233 733 ‘orum
260 674 372 731 classem
403 676 432 732 in
458 676 616 752 Pamphylio
645 678 713 733 mari
737 677 865 733 conllixit.

60 750 126 821 Quo
140 764 229 825 quum
246 751 417 807 multitudine
429 750 639 809 adversariorum
656 754 698 809 sui
711 771 867 828 superaren-

61 836 119 895 tur,
133 826 202 899 ipae,
215 842 271 900 quo
282 844 364 883 comu
377 844 433 882 rom
445 829 536 903 gessit,
550 827 601 884 fuit
612 830 742 901 superior.

120 902 172 959 ixa
191 899 321 958 Antiocho
338 901 437 977 lugeto,
456 921 559 968 verens,
578 922 612 959 ne
628 905 773 972 dederetur,
793 904 866 979 quod

60 976 124 1035 uim
138 974 224 1033 dubio
240 978 387 1044 accidisset,
406 979 429 1032 si
447 980 489 1033 sui
509 978 611 1034 lecisset
626 988 788 1052 potestatem,
803 982 866 1037 Cre-

61 1062 120 1111 lm
131 1051 169 1108 nd
179 1051 323 1129 Gortynim
334 1053 416 1119 venit,
430 1061 461 1108 ut
473 1054 520 1118 ibi,
535 1072 590 1126 quo
602 1072 631 1109 se
648 1054 782 1120 conferret,
802 1073 865 1112 con·

60 1128 201 1185 iduare.
239 1131 266 1185 Ξ.
288 1128 359 1184 Vidit
371 1137 459 1184 nutem
472 1129 515 1184 vir
526 1130 648 1184 omniurn
664 1129 862 1197 callidissimus,

62 1214 165 1279 mgna
181 1218 212 1258 se
226 1200 282 1259 iore
292 1203 418 1276 periculo,
433 1204 486 1258 uisi
499 1204 567 1276 quid
578 1204 745 1276 providisset,
760 1215 865 1278 propter

61 1277 203 1335 avaritiam
219 1278 395 1335 Cretensium.
433 1280 557 1353 Magnam
578 1280 650 1334 enirn
672 1297 763 1336 secum
784 1298 865 1353 pecu-

63 1352 140 1409 nun
155 1353 284 1427 portabat,
302 1353 335 1409 de
351 1372 405 1426 que
418 1354 516 1409 sciebat
527 1355 614 1410 exisse
626 1354 735 1411 lamam.
766 1360 793 1411 3.
813 1359 864 1412 lta-

63 1442 121 1501 que
131 1442 161 1485 m
181 1429 201 1483 ’t
213 1428 264 1485 tale
274 1429 426 1485 consilium.
465 1428 614 1502 Amphoras
626 1430 775 1503 complures
792 1449 863 1487 oom-

61 1502 119 1577 plat
136 1504 263 1591 pultabo,
283 1523 403 1591 summas
420 1505 503 1579 operit
520 1523 584 1561 auro
601 1514 626 1561 et
642 1515 759 1581 urgento.
798 1509 860 1574 llas,

60 1578 453 1715 t-'t‘tttllltlbllllt
465 1581 862 1713 ltullllffllll'fflit

59 1730 91 1787 iu
107 1746 224 1785 orrum
242 1730 367 1797 inductis,
385 1740 485 1787 statuas
501 1750 603 1797 eeneas,
618 1751 686 1804 quas
698 1750 788 1788 secum
801 1750 863 1804 por-

60 1804 144 1870 ubet
158 1822 251 1861 omnes
262 1823 311 1861 sua
323 1808 434 1879 pecunia
447 1807 568 1879 complet,
582 1824 679 1880 easque
691 1809 718 1863 in
737 1817 862 1880 propatu-

60 1879 88 1937 lo
103 1878 178 1936 domi
199 1880 299 1937 abiicit.
338 1884 363 1937 l.
385 1882 507 1956 Gortynii
528 1881 656 1953 templum
679 1901 776 1958 magna
798 1902 860 1940 cura

59 1954 226 2019 mandinse,
239 1973 293 2012 non
305 1964 360 2012 tarn
372 1975 386 2012 e
400 1957 501 2021 ceteris,
516 1974 598 2029 quem
611 1958 645 2013 ab
657 1958 812 2026 Hannibale,
828 1977 861 2015 ne

59 2028 117 2097 ille,
130 2030 306 2087 inscientibus
317 2032 370 2096 his,
386 2032 484 2087 tolleret
496 2050 640 2104 secumque
652 2034 767 2091 duceret.

115 2104 154 2161 X.
167 2104 221 2171 Sic,
235 2107 395 2163 conservatis
407 2108 464 2163 suis
477 2108 566 2173 rebus,
578 2110 689 2175 Poenus,
702 2111 789 2166 illusis
799 2110 861 2166 Cre-

58 2180 183 2237 tentibus
202 2183 343 2249 omnibus,
361 2182 394 2239 ad
407 2184 530 2239 Prusiam
551 2184 580 2239 in
597 2186 710 2242 Pontum
730 2186 858 2258 pervenit.

57 2254 140 2329 Apud
153 2274 235 2331 quem
247 2258 338 2313 eodem
351 2260 440 2314 anime
452 2258 502 2315 luit
514 2277 575 2335 erge
590 2261 701 2328 ltaliam,
716 2277 802 2331 neque
812 2259 860 2313 ali-

57 2332 97 2389 ud
114 2332 264 2406 quidquam
281 2336 344 2409 egit,
363 2353 445 2408 quam
464 2353 551 2410 regern
570 2338 683 2393 armavit
703 2347 728 2391 et
744 2335 861 2390 exercuit

57 2408 190 2465 numm
202 2410 342 2465 llomauos.
380 2414 407 2466 2.
428 2410 513 2478 Quem
525 2430 610 2484 quum
624 2412 724 2467 videret
735 2410 861 2466 domesti-

56 2484 98 2541 cis
119 2484 218 2559 opibus
239 2486 330 2541 minus
346 2502 403 2542 esse
420 2488 573 2553 robustum,
591 2486 746 2543 conciliabat
762 2494 860 2541 ceteros

56 2576 149 2637 regu,
166 2560 380 2635 adiungebatqua
396 2562 533 2619 bellicosas
546 2564 674 2620 nationes.
713 2561 861 2618 Dissidcbnt

56 2636 94 2695 ab
108 2654 142 2695 ec
156 2638 334 2713 Pergamenus
350 2655 407 2704 rex,
426 2639 568 2707 Eumenes,
587 2638 714 2695 llomanis
729 2639 861 2696 amicissi-
898 2655 903 2664 ·
