1896 3292
96 393 149 450 XI.
168 391 415 451 IPHIGRATES.
434 392 518 451 GAP.
537 395 576 451 11.
595 396 649 451 111.
738 399 772 453 ta

41 500 587 576 cto,quodaequeoorpustegeretetiere
599 511 679 569 esset,
695 520 772 561 cura-

41 653 61 708 i.
81 649 410 706 BeliumoumThracihus
419 650 513 736 gastim
533 649 770 717 Seuthen,eooium

41 725 189 793 niensium,
206 726 356 813 inregnam
367 725 488 781 restituit.
526 723 606 798 Apud
615 725 770 783 Corinthum

49 801 188 857 severitate
196 808 321 855 exercitur
329 799 455 873 praefuit,
467 808 497 855 ut
505 800 593 857 nullae
603 818 732 874 umquam
742 802 770 858 in

41 877 81 931 aia
91 893 178 948 neque
186 875 374 931 exercitatiores
387 875 489 947 copiae,
504 892 591 949 neque
602 876 689 950 magis
701 875 771 932 dicto

41 961 108 1006 antes
122 949 219 1006 fuerint
231 947 307 1005 duci:
335 953 362 1006 2.
372 950 413 1005 in
425 967 537 1022 eamque
554 949 770 1007 consuetudinem

41 1025 96 1092 xit,
113 1031 156 1092 ut,
171 1042 257 1097 quum
269 1022 362 1097 proelii
375 1025 483 1098 signum
494 1024 529 1080 ab
541 1024 695 1098 imperatore
703 1033 771 1083 esset

41 1118 79 1165 n,
94 1099 152 1155 sine
165 1098 240 1154 ducis
254 1116 331 1171 opera
346 1098 384 1154 sic
398 1098 530 1154 ordinatae
543 1100 725 1167 consisterent,
740 1108 770 1157 ut

40 1173 72 1228 ali
86 1173 120 1229 ab
133 1174 291 1246 peritissimo
305 1174 458 1246 imperatore
471 1173 589 1246 dispositi
608 1175 768 1231 viderentur.

41 1266 75 1304 oo
88 1248 204 1304 exercitu
221 1266 322 1304 moram
336 1248 600 1304 Lacedaemoniorum
620 1250 767 1322 intercepit:

41 1322 171 1378 maxime
180 1330 230 1378 tota
239 1322 397 1379 celebratum
410 1331 448 1380 est
460 1323 577 1380 Graecia.
616 1327 713 1380 iterum
726 1342 770 1380 eo-

41 1396 111 1454 bello
120 1414 211 1453 omues
221 1398 307 1471 copias
316 1416 408 1454 eorum
417 1398 529 1472 fugavit.
568 1397 701 1465 Quofacto
713 1417 771 1453 ma-

41 1491 53 1528 n
68 1472 178 1545 adeptus
193 1480 231 1528 est
243 1473 365 1548 gloriam.
405 1475 431 1528 i.
451 1473 540 1540 Quum
553 1471 709 1528 Artaxerxes
719 1473 770 1528 Ae-

41 1548 64 1604 io
78 1548 135 1622 regi
148 1547 247 1604 beilum
261 1547 356 1603 inferre
366 1546 462 1613 voluit,
479 1547 632 1618 iphicratem
647 1549 680 1605 ab
690 1548 770 1603 Athe-

41 1622 110 1678 sibus
118 1623 212 1695 petivit
220 1623 409 1694 ducem,quem
419 1622 567 1694 praeficeret
575 1622 699 1678 exercitui
708 1640 769 1677 oon·

41 1696 93 1763 itio,
102 1697 179 1753 cuius
189 1715 315 1753 numerus
324 1697 463 1752 duodecim
471 1697 586 1752 millium
595 1696 654 1753 fait.
684 1697 769 1764 Quem

41 1771 130 1828 usic
138 1772 210 1828 omni
220 1772 359 1845 disciplina
369 1771 476 1828 militari
486 1771 613 1838 erudivit,
625 1779 663 1838 ut,
675 1790 770 1845 quem-

41 1846 117 1903 )dum
129 1847 264 1920 quondam
278 1847 389 1904 Fabiani
408 1847 504 1902 milites
517 1847 628 1903 Romani
648 1847 769 1920 appellati

41 1964 47 1988 ,
66 1921 107 1977 sic
119 1923 307 1994 Iphicratenses
321 1922 392 1994 apud
407 1922 517 1978 Graecos
530 1920 560 1977 in
573 1940 678 1979 summa
692 1922 769 1979 laude

41 2003 79 2053 nt.
117 1999 145 2052 ὃ.
164 1997 250 2064 idem,
271 1997 390 2054 subsidio
403 1997 615 2053 Lacedaemoniis
627 1997 766 2069 proiectus,

41 2070 169 2127 uinondee
183 2071 321 2128 retardavit
334 2071 458 2144 impetus.
496 2073 564 2127 Nam
577 2072 629 2127 nisi
647 2072 704 2128 eius
722 2072 768 2128 ad-

41 2165 66 2203 ra
76 2146 320 2220 adpropinquasset,
332 2165 384 2202 non
394 2147 469 2219 prius
480 2145 597 2201 Thebani
607 2146 698 2220 Sparta
708 2147 768 2204 abs·

41 2228 120 2288 ssent,
132 2238 214 2293 quam
223 2230 323 2294 captam
334 2220 454 2276 incendio
463 2220 601 2277 delessent.

41 2298 70 2353 [Ι.
91 2295 155 2351 Fuit
168 2304 255 2351 autem
268 2304 293 2352 et
306 2296 396 2351 animo
412 2313 508 2370 magno
517 2304 668 2369 etcorpore,
684 2297 768 2370 impe

41 2372 119 2444 iaque
133 2369 229 2437 forma,
245 2378 275 2427 ut
289 2372 346 2443 ipso
359 2370 482 2442 adspectu
496 2371 582 2427 cuisis
596 2371 713 2428 iniiceret
722 2372 768 2428 ad-

41 2446 139 2502 tionem
157 2447 214 2514 sui;
253 2449 279 2503 2.
304 2444 351 2500 sed
369 2445 398 2501 in
419 2445 507 2501 labore
525 2447 653 2504 remissus
675 2448 765 2511 nimis,

41 2538 119 2594 mque
128 2519 243 2592 patiens,
254 2527 284 2576 ut
294 2521 477 2593 Theopompus
491 2522 631 2578 memoriae
639 2521 764 2594 prodidit;

41 2613 130 2653 evoro
139 2595 215 2659 civis,
228 2596 333 2669 fideque
344 2616 450 2672 magna.
489 2598 565 2666 Quod
575 2618 660 2675 quum
670 2600 697 2653 in
708 2596 767 2652 aliis

41 2690 48 2727 a
61 2670 217 2739 declaravit,
236 2678 293 2727 tum
306 2674 423 2729 maxime
435 2673 464 2729 in
476 2673 608 2750 Amyntae
620 2670 767 2731 Macedonis

41 2746 60 2802 is
77 2746 195 2802 tuendis.
233 2747 354 2820 Namque
367 2748 512 2823 Eurydice,
533 2757 614 2804 mater
632 2744 768 2801 Perdiccae

41 2820 130 2895 ilippi,
142 2838 204 2878 oum
213 2821 256 2877 his
266 2822 370 2879 duobus
378 2825 477 2895 pueris,
488 2823 602 2896 Amynta
611 2826 722 2886 mortuo,
733 2819 768 2876 ad

41 2905 127 2953 ratem
136 2894 262 2966 confugit,
274 2897 384 2972 eiusque
393 2898 489 2972 opibus
497 2895 610 3026 deseos}³
611 2900 659 2950 est.
679 2897 705 2951 3.
720 2895 768 2954 Vi-

41 2992 85 3029 on.
107 2974 172 3029 Ner,
