1896 3292
103 170 149 221 tto
377 161 617 207 uusausuus.

370 290 630 335 Exsurnouuu

143 369 192 466 Lipl.
203 367 234 409 11.
250 366 271 408 Δ
284 366 370 420 virgine
379 363 481 408 Vestale.
509 363 629 421 Sosipater
640 363 729 408 Claris-
739 363 784 408 l.l.
796 364 840 409 col.
855 369 897 410 tte.

100 426 193 467 Putre.
224 446 227 455 ·

143 481 194 522 Lib.
205 479 234 520 V.
251 476 341 521 Cornel.
355 475 434 531 Nepos
448 477 472 518 in
483 474 542 518 libro
553 473 711 529 exemplorum
727 477 807 530 quinto
818 476 897 520 litteris

101 537 227 584 mandavit,
242 533 319 576 multis
328 534 353 575 in
361 531 445 575 Senatu
455 531 582 586 placuisse,
592 537 617 573 ut
627 533 655 581 ii,
671 533 709 587 qui
719 533 797 576 redire
807 533 897 583 nollent,

102 594 161 635 datis
172 590 303 634 custodibus
313 591 341 631 acl
352 587 501 630 Hannibalem
513 587 688 629 destruerentur:
697 589 740 630 sed
750 601 801 630 eam
813 593 897 632 senten·

101 650 155 690 tiam
166 660 256 689 numero
267 645 375 701 plurium,
386 645 467 698 quibus
477 644 499 685 icl
511 643 691 692 renuncietur,
702 648 848 698 superatam
861 657 896 687 ees

101 709 183 752 tamen,
195 704 231 756 qui
242 703 269 743 acl
281 699 432 743 Herrnibelem
442 713 487 741 non
498 700 620 748 redissent,
630 712 701 751 usque
711 699 771 742 adeo
783 701 895 743 intestabi-

101 759 135 801 les
146 761 272 810 invisosque
283 756 365 805 fuisse,
378 762 404 799 ut
418 756 517 798 taedium
529 756 590 796 vitae
605 755 710 808 ceperint
722 768 848 812 necemque
857 756 894 799 sili
935 764 938 773 '

102 815 258 858 consciverint.
289 811 347 854 Gclt.
358 812 411 861 vn,
422 816 455 861 18,
467 815 501 854 11.
933 788 939 861 Ι

222 921 455 965 lLLUS'l'RlUM
479 921 645 965 VIRORUM
670 920 783 965 LIBRI.

144 997 195 1038 Lib.
205 995 237 1037 ll.
253 995 362 1038 Subinde.
392 993 479 1037 ctare.
489 993 505 1036 l.
515 993 547 1035 ll.
559 992 601 1035 col.
612 998 658 1036 195.
670 994 766 1037 Putsels.

145 1053 196 1094 Lib.
206 1049 259 1093 XV.
276 1052 359 1092 ilerum
370 1055 467 1105 partum.
498 1049 584 1092 curuis.
595 1049 611 1090 l.
622 1049 640 1091 l.
652 1064 674 1104 p.
687 1055 736 1093 114.

145 1110 195 1151 Lilr.
205 1107 270 1150 xri.
286 1107 307 1149 A
315 1107 387 1150 fretre
398 1104 508 1162 patruele.
539 1104 625 1148 ciart.
636 1105 651 1147 l.
662 1104 681 1148 l·
692 1120 716 1161 p.
728 1110 777 1150 11³.

228 1217 407 1268 lucrinus,
423 1218 491 1266 QUO
507 1217 614 1259 alnao
629 1216 776 1260 Posl'rn.

147 1293 259 1347 Carthago
268 1297 336 1335 antea
345 1291 442 1346 speciem
452 1289 530 1332 habuit
541 1288 638 1344 sluplicis
651 1291 744 1345 cppisli,
760 1293 829 1346 qnasi
842 1291 899 1336 alind

104 1351 198 1394 alterum
210 1349 391 1405 amplecteretur,
403 1349 466 1389 cuius
476 1348 570 1388 interior
580 1359 633 1399 pars
642 1346 715 1397 Byrsa
725 1348 853 1400 dicebatur,
861 1362 899 1393 ex-

104 1409 175 1450 terior
185 1405 291 1458 Megalia.
320 1403 393 1445 Huius
406 1404 440 1444 rei
453 1404 519 1445 testis
533 1407 568 1444 est
583 1402 651 1445 Corn.
661 1401 742 1456 Nepos
756 1404 783 1446 in
796 1418 825 1449 eo
838 1396 898 1455 lr'lrro.

104 1465 141 1517 qui
153 1464 207 1505 Vita
216 1460 342 1504 Illustrium
351 1460 489 1502 inscribitur.
519 1456 611 1501 Seruius
621 1459 648 1499 aci
660 1456 678 1498 l.
689 1458 747 1501 Aen.
756 1463 811 1504 m

146 1519 246 1572 Propius
260 1516 410 1559 Grammatico
425 1515 518 1558 accessi.
548 1513 668 1557 Diomedes
681 1512 697 1555 l.
711 1513 732 1556 l·
745 1514 870 1561 firmet.
878 1530 899 1572 p.

104 1579 254 1677 mmm,
269 1627 306 1679 qui
317 1640 366 1668 cum
376 1626 403 1667 1..
413 1623 509 1668 Lucullo
524 1624 601 1669 consul
615 1625 669 1676 fuit,
683 1639 721 1670 res
730 1627 844 1673 Romam
853 1640 900 1671 ore·

105 1687 166 1729 tione
177 1684 265 1725 Graeca
275 1682 418 1736 scriptitarit.
447 1681 474 1723 ln
485 1681 534 1724 eius
544 1681 652 1725 historiae
667 1683 785 1740 principio
794 1682 897 1738 scriptun

105 1747 140 1785 est
150 1742 178 1782 ed
190 1739 246 1782 hene
256 1740 401 1780 sententiam:
416 1736 531 1780 Nereinem
540 1752 669 1781 succensere
678 1737 724 1781 atos·
736 1739 866 1788 comice,
880 1738 900 1781 si

105 1794 243 1856 quietistis
257 1793 320 1838 libris
331 1808 416 1850 purum
430 1794 564 1849 composite,
578 1801 619 1837 uret
632 1793 704 1838 minue
718 1793 898 1851 eleganteercri·

200 1857 256 1894 oret.
285 1851 345 1895 liam
354 1864 412 1900 susos,
423 1851 508 1904 inquit,
518 1850 585 1893 tomo
597 1851 727 1901 Romam,
741 1858 816 1895 meus
824 1850 850 1895 s'ss
857 1851 899 1894 Le·

123 1861 172 1898 uem

103 1869 153 1957 llo,-
175 1851 264 1951 Gsraeco
278 1906 354 1950 oratio
370 1921 384 1947 a
398 1906 460 1950 scobis
475 1906 614 1950 rulieur'ssimu
628 1913 668 1950 est.
696 1905 799 1960 meoque
818 1906 898 1951 venian

106 1967 245 2018 gratiamque
256 1963 327 2006 melae
338 1963 526 2011 existimationis,
537 1965 555 2004 si
567 1963 619 2017 quid
629 1967 690 2005 esset
699 1968 813 2015 erratum,
826 1969 899 2030 postu·

106 2022 168 2063 lavit.
198 2022 232 2063 Ea
246 2034 311 2073 quirun
326 2018 419 2071 legisset
434 2019 500 2061 Ceto:
515 2034 559 2062 uae
574 2027 609 2068 tu,
625 2020 708 2071 inquit,
723 2019 793 2069 Aule,
809 2019 900 2063 nmium

105 2083 206 2132 nugator
220 2090 252 2126 es,
269 2089 337 2133 quum
347 2074 449 2117 mulsisti
458 2077 551 2132 culpam
560 2074 686 2130 deprecari,
702 2088 770 2141 perum
785 2077 899 2132 culpoeea·

106 2148 165 2176 care.
195 2132 255 2175 Num
263 2139 340 2188 petere
350 2130 439 2173 venium
448 2133 553 2180 solemus,
569 2137 611 2173 acet
624 2145 691 2187 quum
704 2133 859 2187 imprudenter
867 2145 899 2174 er·

105 2189 211 2240 ravimus,
224 2195 265 2230 (sut
274 2201 339 2244 quorem
350 2187 462 2244 compulsi
466 2185 620 2242 peccavimus.
653 2186 715 2236 Titi,
725 2188 813 2239 inquit,
823 2201 863 2231 ero
874 2193 899 2235 te.

106 2246 155 2302 quis
163 2244 280 2301 perpulit,
291 2250 320 2286 ut
330 2243 354 2285 iri
363 2243 523 2292 constructores,
540 2245 600 2341 puroet
605 2242 740 2298 priusquam
744 2241 852 2309 faceres,
864 2255 902 2300 pe·

108 2310 175 2350 teres,
191 2308 217 2343 ut
226 2300 386 2355 ignoscerem.
416 2299 528 2353 Scriptum
556 2313 582 2341 oc
592 2304 626 2340 est
637 2299 660 2339 in
675 2299 735 2341 lilsre
746 2298 817 2341 Corn.
827 2299 902 2353 ltepo·

107 2360 136 2400 tis
148 2359 174 2400 cle
184 2357 268 2398 illustr.
278 2357 340 2397 viris.
355 2355 411 2398 Gett.
422 2354 465 2404 xl,
474 2360 493 2397 8.
505 2358 548 2398 ete.
559 2359 582 2397 et
592 2353 795 2397 Morousatum.
807 2368 903 2409 prooem.

107 2420 167 2456 extr.
184 2413 294 2468 [Fischer.
305 2413 398 2464 margini
409 2412 430 2453 h.
441 2410 455 2452 l.
467 2413 597 2466 aciscripsitr
609 2412 701 2452 Hieron.
711 2422 765 2464 epp.
774 2409 842 2452 tete
851 2415 904 2453 ton.

107 2470 125 2511 l.
137 2470 238 2519 Erasmi;
250 2469 276 2509 cle
288 2470 391 2522 scriptor.
401 2466 481 2510 eccles.
493 2467 509 2508 i.
520 2471 555 2509 to.
565 2471 586 2509 t.
597 2471 650 2508 tom.
659 2466 714 2521 lll.]

246 2558 293 2600 DE
317 2555 410 2599 vius
435 2555 633 2599 CICERONIS
657 2555 725 2597 LlB.
744 2554 764 2597 Ι.

151 2630 268 2673 Cornelius
279 2628 368 2684 Nepos,
383 2633 406 2671 et
415 2643 487 2670 rerum
498 2631 617 2671 memoriae
631 2642 675 2670 nou
690 2626 827 2681 indiligens,
842 2627 898 2672 stre

110 2688 235 2736 Ciceronis,
247 2687 316 2741 utqui
328 2684 437 2735 muxs'nre,
453 2686 535 2729 amicus
546 2684 708 2740 lunuliarisque
719 2684 770 2726 fuit.
801 2684 878 2740 Atque
887 2686 906 2727 is
