1906 3066
862 154 879 187 V

76 256 172 338 Gasp.
194 261 318 318 Barthio
339 261 499 320 extiterunt
517 261 684 336 opiniones,
709 276 798 332 quum
818 260 876 332 alii,

75 363 120 420 uti
141 361 317 434 Lambinus,
348 378 422 436 opus
447 361 558 436 Nepoti
583 358 798 431 adiudicarent,
828 360 878 417 alii

76 460 285 536 compendium
301 461 422 520 maioris
440 461 536 537 operis
554 479 618 520 esse
635 467 805 532 statuerent,
829 461 877 517 alii

76 561 205 635 denique
231 560 446 635 abiudicarent,
477 558 545 617 ideo
573 559 653 633 quod
675 578 730 618 neo
757 561 877 618 citatum

76 662 192 736 uspiam
213 660 402 736 reperiretur,
427 668 457 719 ct
478 658 621 734 quaedam
639 660 774 733 haberet,
802 680 876 736 quac

75 778 137 818 non
153 769 350 835 congruerent
367 779 433 819 cum
450 759 572 818 historia
588 760 793 836 historicisqua
811 763 877 819 reli·

77 861 155 935 quis,
180 861 239 917 alia
253 861 355 934 ctiam,
379 878 454 935 quae
470 879 531 918 non
549 862 586 918 ab
605 861 685 919 omni
705 870 790 936 parte
806 864 877 921 boni

76 960 235 1036 magnique
254 961 406 1037 scriptoris
426 960 493 1020 stilo
517 961 675 1020 convenire
697 960 875 1020 viderentur.

77 1061 163 1135 Quae
183 1071 283 1120 tamen
306 1061 405 1120 omnia
424 1061 526 1121 itidem
547 1061 578 1118 in
600 1061 665 1119 aliis
686 1061 775 1119 etiam
791 1064 876 1122 bonis

76 1161 267 1237 scriptoribus
281 1170 447 1222 occurrunt.
478 1161 556 1219 Nam
573 1178 670 1234 neque
686 1161 812 1220 citantur
826 1164 877 1219 ali·

77 1261 128 1335 qui
145 1263 193 1336 (ut
208 1281 238 1320 v.
254 1280 280 1320 o.
297 1261 426 1340 Curtius)
445 1269 474 1320 et
490 1261 522 1318 in
538 1261 618 1317 haud
635 1262 747 1335 paucis,
767 1262 816 1335 qui
833 1263 876 1318 in·

75 1371 120 1421 ter
140 1362 316 1437 praecipuos
335 1364 492 1433 habentur,
516 1371 546 1420 et
567 1369 664 1419 erratu·
685 1361 829 1437 quaedam
848 1372 877 1420 et

75 1462 172 1519 minus
187 1463 264 1521 bene
282 1461 446 1537 composita
461 1462 654 1538 reperiuntur.
689 1460 768 1518 Illud
787 1460 875 1518 dubio

76 1571 169 1621 caret:
191 1580 284 1638 genus
298 1564 393 1638 ipsum
410 1561 566 1636 scribendi,
586 1562 712 1637 quadiu
729 1562 787 1618 hoc
805 1581 876 1636 opu·

76 1665 157 1722 saulo
173 1671 332 1738 comparet,
349 1663 380 1721 in
394 1665 483 1739 longe
501 1663 649 1738 plerisque
662 1663 704 1720 ita
719 1680 783 1721 esse
799 1681 877 1721 com-

75 1771 225 1838 paratum,
247 1771 280 1821 ut
301 1762 392 1822 aetati
412 1782 519 1822 aureae
537 1764 698 1822 abiudicari
714 1782 809 1838 paene
826 1783 877 1821 ne-

77 1869 175 1935 queat,
190 1877 239 1919 res
253 1869 351 1920 sutem
365 1868 463 1936 gestas
477 1881 633 1937 moresque
647 1864 786 1936 virorum,
803 1883 877 1938 quos

76 1960 215 2034 illustrat,
238 1962 381 2019 clarorum
402 1961 444 2019 ita
464 1963 565 2027 vivide
587 1972 617 2022 et
637 1963 765 2023 breviter
783 1973 811 2022 et
834 1966 877 2022 lu-

78 2060 141 2121 cide
161 2063 199 2120 ob
218 2063 318 2120 oculos
335 2062 416 2138 poni,
431 2065 528 2121 nulius
545 2071 578 2121 ut
593 2064 688 2139 aptior
704 2067 762 2124 hoc
777 2074 879 2123 auctor

77 2161 225 2234 videatur,
248 2181 266 2219 a
284 2181 342 2237 quo
359 2165 409 2222 vel
424 2164 457 2224 in
473 2163 597 2228 historia
613 2166 765 2226 tractanda
781 2167 831 2223 vel
847 2166 878 2221 in

76 2260 169 2319 literis
184 2261 299 2320 Latinis
320 2263 466 2322 iuventuti
486 2263 637 2322 tradendis
656 2262 809 2324 exordium
831 2280 878 2318 ca·

77 2347 182 2434 piatur,
219 2359 356 2421 Ceterum
373 2382 469 2438 neque
486 2366 540 2424 has
554 2365 640 2424 Vitas
657 2366 785 2440 integras
800 2380 877 2419 nunc

79 2470 193 2535 extare,
215 2463 347 2538 sequitur
363 2472 464 2539 aperte
483 2483 520 2524 ex
536 2475 686 2541 postremo
702 2461 878 2523 Hannibalis

79 2561 183 2636 capite,
201 2563 253 2621 ubi
269 2581 302 2621 se
319 2563 378 2620 iam
394 2566 548 2639 profitetur
567 2565 768 2626 Romanorum
787 2562 878 2637 expli·

29 2646 31 2755 j
79 2660 203 2721 diturum
219 2663 424 2739 imperatorem
448 2684 561 2740 exque
580 2675 714 2741 apparet,
738 2672 788 2723 aut
806 2661 881 2722 Cor·
