1896 3292
229 420 313 477 XIX.
333 418 520 477 PHOCION.
540 419 622 477 CAP.
643 422 680 477 11.
823 429 852 482 9⁴

55 532 418 673 fflih'fflffi’
428 528 787 677 ffliiiih'iiisshh?
795 550 857 679 th?

55 684 103 741 hue
119 682 232 739 diffieile
246 689 313 738 meet
325 683 354 739 in
365 700 473 739 summa
489 689 640 756 paupertate
655 690 754 738 nutam
771 692 857 755 pater·

55 776 114 817 unm
126 758 198 815 tueri
209 757 335 834 gloriam:
368 760 395 814 i.
414 758 459 813 hie
475 757 533 824 ille,
552 757 584 814 Si
594 764 645 813 moi
660 762 758 813 eimilee
770 769 855 823 rrum,

55 838 119 891 idm
130 838 188 900 hio,
202 833 304 906 inquit,
319 836 420 903 apellae
431 836 492 888 iiior
503 836 564 898 atet,
578 839 624 903 qui
635 852 675 888 me
687 838 722 889 ad
734 837 801 889 tinae
814 839 857 888 di-

55 914 177 981 neuton
185 913 328 979 perduoit5
339 913 382 964 rin
394 912 531 964 diarimttee
543 918 604 963 eunt
615 914 707 979 futuri,
721 913 781 965 nolo
792 914 857 964 moth

55 988 175 1057 meta
186 988 295 1053 itionem
305 986 345 1039 oli
355 989 498 1054 augerique
510 988 654 1039 tonarium.

103 1060 141 1117 11.
160 1058 328 1147 ldemquum
338 1058 462 1131 propead
476 1076 577 1145 ennum
591 1060 780 1146 octogesimum
794 1076 856 1132 pro-

55 1132 856 1283 mfflhffithhthttt?tfhhtfftth

55 1300 113 1341 nim
123 1284 242 1341 Demade
257 1284 291 1341 de
306 1285 373 1340 urhe
388 1285 514 1341 tradenda
525 1284 662 1357 Antipatro
674 1296 853 1353 consenserat3

69 1360 76 1373 “
174 1359 286 1417 oonsilio
294 1360 481 1415 Demosthenes
493 1377 554 1416 oum
568 1361 667 1425 oneris,
683 1361 730 1432 qui
743 1361 855 1417 beneda

135 1434 188 1491 lien
205 1436 292 1491 meriti
307 1435 541 1501 existimabantur,
564 1434 722 1507 populiscitu
739 1436 767 1491 in
784 1436 855 1491 exsi-

57 1508 118 1567 lium
134 1517 212 1567 erant
226 1509 342 1583 expulsi.
381 1513 472 1583 Neque
492 1511 521 1566 in
543 1527 574 1565 eo
593 1508 681 1565 solum
702 1510 851 1575 offenderat.¹

56 1584 126 1671 qued
136 1584 237 1659 patriae
248 1584 318 1641 mele
328 1585 509 1652 consuluerat,
528 1585 575 1641 sed
590 1585 683 1651 etiam,
702 1585 775 1657 quod
787 1586 855 1640 ami·

55 1660 131 1717 etiae
141 1660 221 1717 iidem
234 1677 289 1717 non
305 1661 475 1732 praestiterat.
514 1665 541 1716 3.
561 1662 684 1732 Namque
696 1667 791 1715 anetus
807 1660 855 1716 ad-

57 1734 180 1809 iutusque
189 1754 206 1792 a
216 1736 391 1792 Demosthene
402 1753 478 1802 eum,
493 1752 574 1809 quem
587 1736 698 1802 tenebat,
713 1735 855 1792 adscende·

57 1818 93 1867 rat
106 1810 236 1887 gradum,
256 1829 342 1885 quum
355 1811 482 1867 adversus
495 1811 632 1868 Charetem
645 1829 708 1868 eum
725 1812 856 1869 suborna-

57 1894 103 1943 rit:
123 1886 159 1943 ah
170 1886 263 1943 eodem
275 1887 304 1944 in
317 1886 437 1954 iudiciis,
456 1905 542 1960 quum
555 1887 648 1960 eapitis
664 1905 772 1944 cauam
784 1888 855 1944 dioe-

57 1968 103 2030 ret,
124 1961 252 2021 Menona
270 1962 411 2037 aliquoties
433 1963 559 2019 liberatus
577 1962 740 2019 discesserat.
778 1965 856 2020 Hunc

59 2054 104 2095 ron
115 2037 207 2095 nolum
219 2038 248 2095 in
260 2038 385 2111 perieulis
401 2056 455 2095 non
468 2038 597 2104 defendit,
615 2038 661 2093 sed
675 2039 753 2094 etiam
765 2040 856 2111 prodi-

59 2110 98 2169 hi
137 2118 165 2171 i.
184 2113 307 2173 Concidit
319 2125 407 2171 eutem
423 2114 540 2170 maxime
557 2130 611 2169 uno
627 2114 752 2181 erimine,
770 2115 853 2187 quod,

60 2202 136 2259 quum
148 2188 223 2263 rpud
234 2206 297 2245 eum
309 2208 448 2246 summum
460 2197 528 2245 esset
539 2188 682 2261 imperium
695 2189 803 2262 populi,
819 2199 853 2258 et,

61 2260 217 2331 Nicanorem,
223 2264 365 2322 Cassandri
375 2265 543 2338 praefectum,
555 2264 675 2320 insidiari
680 2266 856 2322 Piraeohthe·

62 2338 200 2406 mium,
218 2358 232 2395 e
247 2340 366 2415 Dereyllo
379 2350 542 2406 moneretur,
560 2340 685 2414 idemque
703 2341 853 2414 postularet,

62 2414 256 2487 upovideret
271 2433 305 2472 ne
316 2417 506 2473 oommoatibus
518 2416 612 2472 civitae
624 2417 786 2490 privaretur,
800 2418 853 2481 hie,

62 2489 173 2549 niieute
183 2489 296 2563 populo,
315 2492 429 2548 Phocion
441 2491 548 2565 negavit
559 2509 618 2549 esso
632 2492 795 2567 perieulum,
814 2510 856 2546 se-

62 2576 104 2635 que
113 2566 173 2623 eiua
186 2568 224 2621 rei
237 2566 357 2622 obsidem
370 2567 423 2623 iore
435 2567 568 2640 pollicitus
580 2576 628 2624 eet.
668 2572 695 2625 5.
715 2570 808 2639 Neque
820 2568 855 2621 ita

62 2638 133 2699 nun
143 2648 206 2715 poet
217 2642 242 2695 N
244 2641 331 2698 icanor
343 2643 432 2699 Piraeo
444 2650 483 2698 est
494 2643 603 2715 potitus.
632 2642 675 2700 Ad
686 2660 767 2715 quem
780 2658 856 2696 recu-

60 2716 197 2781 mndum
208 2733 295 2789 quum
304 2717 420 2790 populus
429 2726 547 2775 armatus
556 2719 737 2782 eoneurriseet,
748 2716 792 2771 ille
801 2733 855 2773 non

59 2790 127 2851 Udo
142 2791 281 2849 neminem
297 2793 332 2848 ad
348 2794 550 2860 armaverant,
569 2794 616 2850 sed
629 2811 662 2849 ne
673 2792 780 2848 armatis
792 2792 855 2865 qui-

58 2858 109 2923 ὴ
119 2883 244 2941 praem
255 2866 349 2925 uoluit.
389 2866 462 2945 [Sine
479 2887 533 2943 quo
545 2871 661 2927 Athenae
677 2867 786 2923 omnino
797 2885 856 2924 ease

56 2948 103 3001 ur
112 2938 250 3019 ponunt]
