1906 3066
95 947 158 1004 Q„

166 166 204 223 11.
225 166 739 227 TttssulstocLES.CAP.t'111.
821 174 851 227 ts

55 284 159 348 hasque
168 273 257 350 legati,
267 273 349 330 iuneti
358 278 472 331 summis
481 276 638 344 honoribus,
649 278 765 334 Athenas
775 279 851 334 missi

53 358 126 406 sunt.
165 349 234 406 Cum
243 350 286 405 his
295 349 406 424 collegas
415 369 478 406 suos
488 352 672 408 Themistocles
682 354 759 408 iussit
771 355 852 426 profi·

54 425 130 491 sisoi,
144 426 238 497 eisque
250 424 394 497 praedixit,
411 434 441 481 nt
455 444 488 482 ne
502 428 576 500 prius
586 428 850 484 Laoedaemoniorum

55 498 152 574 legatos
161 498 493 573 dimitterent,quamipse
501 503 712 558 ossetremissus.
751 507 777 558 t.
798 504 851 558 llos

55 582 194 648 postquam
202 574 317 630 Athenas
327 576 476 647 rervenisse
485 586 557 632 ratus
565 586 613 643 est,
625 577 658 633 ad
668 577 850 651 magistratum

56 658 175 705 senatum
194 649 501 706 uotaoedaemoniorum
511 652 585 718 adiit,
600 662 625 707 et
635 652 759 724 apudeos
772 651 852 707 liher-

56 724 119 780 rime
126 667 263 796 proiessus
270 731 318 791 est,
327 724 499 781 Athenienses
509 744 558 782 suo
568 727 686 791 oonsilio,
698 726 770 799 quod
779 744 852 783 eom·

56 798 129 854 muni
138 798 198 854 iure
206 799 326 873 gentiam
336 797 417 855 iaoere
426 809 544 873 possent,
555 801 617 857 deos
626 801 760 873 publioos,
774 820 851 858 suos·

56 890 105 1001 ?ue
113 872 214 946 patrios
222 891 254 929 ao
261 883 445 948 penates,quo
454 876 682 932 iaoiliusahhoste
690 888 796 949 possent
804 878 851 933 do-

65 964 95 1003 en
159 949 264 1016 ,muris
272 950 398 1022 semisse,
417 952 539 1024 nequein
549 969 588 1018 eo,
600 951 673 1025 quod
682 951 775 1008 inutile
783 963 851 1008 esset

57 1022 189 1089 Graeciae,
209 1021 310 1080 iecisse.
348 1028 375 1080 ὅ.
394 1027 462 1081 Nam
478 1026 583 1081 iliorum
597 1027 690 1082 urbem
706 1035 735 1081 ut
753 1044 850 1098 propu-

57 1097 198 1171 gustulum
208 1099 357 1171 oppositum
367 1118 423 1155 esse
432 1101 561 1168 barbaris,
573 1101 644 1173 apud
653 1119 735 1173 quam
746 1100 850 1156 iambis

57 1172 149 1229 classes
213 1173 250 1229 'as
262 1173 353 1229 iecisse
370 1173 548 1248 naufragium.
587 1181 613 1231 6.
633 1175 851 1231 Laoedaemonios

58 1256 140 1304 autem
205 1255 255 1304 eet
263 1249 359 1304 iniuste
368 1247 463 1315 fucere,
479 1251 526 1321 qui
539 1249 565 1304 id
575 1252 662 1322 potius
677 1250 849 1312 intuerentur,

57 1324 124 1394 quod
133 1323 255 1396 ipsorum
264 1323 443 1389 dominationi,
456 1342 537 1395 quarn
546 1324 618 1396 quod
627 1324 765 1379 universae
770 1324 851 1379 Grae·

58 1398 181 1455 tiasutile
189 1405 267 1453 esset.
303 1397 398 1464 Quare,
409 1397 433 1452 si
442 1416 505 1454 suos
515 1398 611 1472 legatos
621 1399 734 1470 recipere
742 1397 848 1464 vellent,

58 1489 117 1544 quos
126 1472 246 1529 Athenas
255 1472 393 1538 miserant,
405 1489 434 1529 sa
443 1474 614 1540 remitterent,
629 1473 703 1529 aliter
712 1471 771 1528 ilios
780 1490 851 1529 nun-

57 1546 293 1620 qnaminpatriam
302 1547 439 1619 recepturi.

103 1624 177 1682 Vnt.
197 1623 296 1677 Tamen
306 1640 358 1678 non
369 1622 460 1697 effugit
469 1621 568 1678 oivium
584 1640 693 1678 suorum
708 1621 849 1679 invidiam.

56 1696 175 1771 Namque
187 1696 223 1753 ob
236 1696 349 1753 eundem
359 1698 493 1763 timorem,
508 1714 563 1768 quo
575 1697 715 1753 muniamus
727 1698 852 1753 erathii}-

55 1772 148 1838 tiades,
164 1779 291 1828 testarum
300 1772 434 1846 suffragiis
443 1790 458 1828 e
467 1772 570 1827 civitate
582 1772 693 1838 eiectus,
708 1770 794 1846 Argos
803 1773 852 1829 ha-

55 1845 165 1903 bitatum
178 1847 315 1903 ennoessit.
353 1851 380 1904 2.
400 1847 449 1902 iiio
461 1865 546 1919 quum
561 1856 665 1918 propter
678 1846 776 1902 multas
793 1849 851 1903 eius

55 1921 162 1979 virtutes
172 1939 340 1996 magnacum
348 1921 473 1996 dignitate
484 1922 594 1987 viveret,
606 1921 805 1977 Lacedaemonii
814 1923 851 1978 le·

54 2005 123 2070 gatos
133 1996 252 2053 Athenas
261 1997 403 2062 miserunt,
417 1996 465 2068 qui
474 2013 536 2051 eum
546 1997 680 2051 absentem
689 2006 849 2062 aoousarent,

55 2072 282 2143 quodsooietatem
291 2089 353 2127 oum
363 2088 423 2144 rege
431 2072 570 2126 Persarum
580 2071 754 2127 adGrseoiam
762 2071 852 2145 oppri-

55 2146 177 2205 nudam
190 2145 302 2203 ieoisset.
341 2150 368 2202 3.
387 2147 442 2201 Ηοο
454 2145 564 2201 orimine
583 2147 678 2202 ahsens
696 2146 852 2218 proditionis

15 2224 18 2233 '
56 2220 195 2279 dmnams
205 2230 255 2277 est.
293 2221 324 2277 Id
333 2229 363 2277 ut
372 2220 489 2287 audivit,
504 2220 576 2293 quod
590 2239 642 2277 non
652 2221 716 2277 satis
725 2230 812 2278 tutum
823 2238 852 2275 se

55 2296 136 2385 dagis
145 2295 265 2383 sidehat,
280 2296 421 2383 §ommam
435 2295 602 2381 demigravit.
640 2297 680 2353 ibi
694 2314 780 2370 quum
793 2297 852 2350 eius

56 2370 852 2528 mummuttutmhmnrutfs

56 2520 210 2588 Admetum,
226 2520 399 2577 Molossorum
413 2538 515 2594 regem,
531 2538 592 2576 eum
606 2539 660 2592 quo
668 2521 693 2575 ei
706 2519 852 2603 hospitium

57 2604 114 2663 erat,
125 2594 257 2670 oontugit.
295 2598 320 2651 i.
340 2597 398 2651 iiue
407 2613 494 2668 quum
504 2596 625 2658 venisset,
637 2603 661 2649 et
670 2595 698 2649 in
706 2600 852 2664 praesentra

27 2676 31 2687 ‘
59 2672 227 2738 mahemet,
242 2688 297 2746 quo
306 2672 403 2728 maiore
412 2670 716 2747 reiigionesereoeptum
725 2675 850 2735 tueretur,
