1896 3292
249 895 672 978 eunarnrlo

357 1071 570 1093 ,.-.···.···-.·····.-...···=

116 1231 182 1299 Non
192 1242 297 1309 dubito,
314 1240 368 1299 fore
377 1241 528 1315 plerosque,
543 1240 639 1308 Attice,
652 1241 701 1314 qui
710 1241 761 1298 hoc
772 1259 858 1316 genus

56 1317 205 1390 scripturae
219 1318 276 1374 leve
289 1325 315 1372 et
326 1335 379 1373 non
394 1317 457 1372 setis
469 1317 582 1390 dignum
601 1335 768 1373 summorum
787 1317 859 1373 viro-

57 1410 122 1448 rum
132 1393 252 1464 personis
263 1391 386 1456 iudicent,
398 1409 483 1464 quum
493 1391 603 1446 relatum
614 1391 714 1466 legent,
726 1391 787 1464 quis
797 1409 859 1446 mu·

57 1466 144 1524 sicam
158 1466 273 1520 docuerit
286 1465 508 1536 Epaminondam
538 1473 584 1520 aut
598 1465 625 1520 in
639 1466 697 1520 eius
715 1466 858 1520 virtutibus

60 1541 269 1607 ‚cmmemorari
277 1541 383 1595 saltasse
393 1557 455 1595 eum
463 1540 606 1606 commode,
613 1540 776 1611 scienterque
786 1540 857 1595 tibiis

57 1625 189 1672 centusse.
222 1619 249 1673 2.
268 1615 320 1670 Sed
329 1616 358 1670 hi
368 1624 445 1671 erunt
454 1613 515 1680 fere,
526 1616 584 1687 qui,
595 1623 713 1686 expertes
723 1615 857 1670 literarum

58 1691 235 1756 Graecarum,
253 1690 320 1745 nihil
331 1699 444 1756 rectum,
458 1689 511 1744 nisi
524 1689 597 1761 quod
607 1689 724 1762 ipsorum
738 1689 857 1744 moribus

57 1765 209 1829 conveniat,
227 1766 368 1837 putabunt.
407 1768 433 1820 3.
452 1765 511 1820 lisi
526 1764 678 1830 didicerint,
699 1782 752 1819 non
766 1763 857 1820 eedem

58 1840 187 1895 omnibus
196 1857 253 1894 esse
262 1839 370 1895 honesta
379 1847 457 1911 atque
467 1840 561 1910 turpia,
573 1839 619 1894 sed
629 1839 718 1894 omnia
726 1840 857 1895 maiorum

60 1914 188 1970 institutis
198 1913 321 1980 iudicari,
333 1931 386 1970 non
396 1913 609 1980 admirabuntur,
621 1932 669 1969 nos
678 1915 706 1969 in
717 1914 856 1970 Graiorum

60 1989 204 2046 virtutibus
213 1987 375 2060 exponendis
385 2005 470 2043 mores
480 2006 570 2046 eorum
581 1997 693 2044 secutos.
723 1991 750 2044 t.
765 1990 857 2061 Neque

58 2063 132 2119 enim
142 2062 246 2120 Cimoni
256 2062 307 2118 fuit
315 2071 399 2134 turpe,
410 2061 611 2118 Atheniensium
621 2080 727 2118 summo
738 2062 803 2129 viro,
815 2081 857 2119 so-

58 2154 146 2194 rorem
154 2154 308 2224 permenam
316 2137 412 2192 hebere
421 2136 450 2193 in
459 2138 639 2193 matrimonio:
659 2137 759 2210 quippe
770 2154 856 2212 quum

58 2212 132 2269 cives
141 2229 199 2268 etus
208 2211 300 2267 eodem
309 2219 443 2267 uterentur
452 2211 580 2268 instituto.
609 2210 645 2268 tt
654 2212 681 2267 id
691 2212 800 2285 quidem
810 2230 858 2268 no-

57 2287 123 2343 stris
131 2285 250 2342 moribus
260 2284 333 2342 nefas
341 2287 461 2342 hebetur.
499 2286 584 2342 Laudi
595 2287 623 2342 in
634 2287 742 2343 Graecia
751 2287 857 2343 ducitur

57 2359 269 2426 adolescentulis,
280 2360 501 2434 quamplurimos
510 2361 606 2417 habere
615 2370 753 2420 amatores.
777 2361 856 2418 Nulla

58 2435 247 2492 Lacedaemoni
262 2442 316 2490 tem
330 2443 370 2499 est
383 2435 480 2492 nobilis
493 2435 588 2503 vidua,
605 2454 674 2510 quae
687 2455 740 2493 non
754 2436 788 2492 ad
801 2453 861 2492 sce=

58 2527 122 2567 nam
131 2517 182 2577 eat,
194 2509 312 2566 mercede
321 2510 458 2567 conducta.
481 2513 509 2568 5.
519 2511 623 2586 Magnis
633 2512 661 2567 in
672 2511 796 2567 laudibus
806 2518 857 2566 tcta

57 2584 110 2643 iuit
119 2584 241 2652 Graecia,
252 2585 377 2641 victorem
387 2584 525 2661 Olympiae
533 2587 621 2655 citari3
642 2586 671 2641 in
680 2603 785 2642 scenam
795 2601 857 2640 vero

57 2659 177 2734 prodire,
197 2667 223 2715 et
235 2659 333 2732 populo
347 2678 404 2716 esse
417 2661 571 2733 spectaculo,
592 2661 693 2716 nemini
710 2660 739 2715 in
756 2657 857 2714 eisdem

55 2735 183 2810 gentibus
196 2732 248 2790 fuit
260 2735 427 2807 turpitudini.
466 2734 538 2803 Quae
551 2736 639 2792 omnia
654 2734 726 2807 apud
739 2750 788 2788 noa
797 2749 858 2804 pan·

58 2811 108 2865 tim
117 2808 241 2875 Maenia,
259 2810 354 2881 pertint
365 2809 477 2866 humilia
487 2819 565 2883 atrpue
574 2810 608 2866 ab
618 2811 751 2865 honestate
759 2815 857 2865 remote

57 2892 206 2959 ponuntur.
238 2887 264 2940 6.
284 2883 418 2943 Contraea
427 2883 552 2959 pleraque
561 2885 658 2946 nostris
667 2882 786 2939 moribus
795 2890 859 2939 sunt

96 2959 176 3016 Cora.
196 2959 262 3016 Nar.
683 2956 709 3015 ix
