1906 3066
251 136 274 190 1.
292 132 510 189 bllLTlthlS.
531 133 613 191 chr.
633 137 671 191 ll.
841 142 856 193 3

62 258 185 314 prospera
193 240 293 297 lutura.
319 244 345 297 l.
355 243 409 297 lloo
417 242 515 297 oraculi
525 259 648 313 responso
657 243 786 299 Miltiades
795 263 857 301 aum

63 315 159 372 delecta
173 334 257 371 manu
269 315 352 371 classa
363 316 555 372 Chersonesum
567 317 696 388 proiectus
710 336 796 391 quum
814 338 854 375 ao

63 391 181 446 oessisset
190 392 334 456 Lemnum,
348 398 375 445 et
387 390 485 446 incolas
498 391 556 447 aius
570 391 672 447 insulae
685 392 738 447 sub
747 401 858 464 potesta-

64 472 114 521 tem
123 465 244 539 redigere
253 465 330 521 vellet
338 464 552 531 Atheniensium,
567 466 648 538 idque
658 474 687 522 ut
696 468 799 523 Lemnii
808 486 857 523 sua

65 546 153 611 sponte
160 538 283 606 laoerent,
294 539 462 611 postulasset:
483 544 510 596 5.
521 540 560 595 illi
571 541 707 596 irridentes
717 542 858 614 responde-

17 609 21 641 ’·
65 622 137 681 runt,
152 613 420 681 tumidselaoturos,
440 633 524 688 quum
534 616 578 671 ille
587 616 664 671 domo
673 617 788 672 navibus
797 634 858 690 pro-

66 688 182 744 lieiseens
195 696 273 745 venta
286 688 409 761 aquilone
423 690 536 745 venisset
544 692 685 746 Lemnum.
723 692 771 746 llio
785 691 857 747 enim

66 772 171 829 ventus,
190 764 433 835 aseptentrionibus
443 765 539 831 oriens,
550 765 857 821 adversumtaneththe-

67 837 105 891 nis
113 837 350 909 proficiscentibus.
375 843 401 894 6.
411 839 549 904 Miltiades,
562 840 680 895 morandi
691 847 794 912 tempus
804 860 857 898 non

66 910 178 978 habens,
197 929 306 969 oursum
328 913 437 979 direxit,
457 931 512 986 quo
531 914 663 980 tendebat,
686 915 858 989 pervenitque

67 984 266 1042 Chersonesum.

115 1062 149 1115 ll.
170 1060 211 1115 lbi
226 1061 299 1117 brevi
313 1070 427 1133 tempore
441 1062 611 1118 barbarorum
628 1063 710 1135 oopiis
729 1064 854 1127 disiectis,

66 1134 326 1209 tolaregione,quam
335 1137 449 1208 petierat,
462 1137 566 1207 potitus,
579 1136 634 1191 loca
642 1137 754 1192 castellis
766 1138 856 1194 idonea

66 1210 231 1275 mmmuniit,
254 1210 462 1275 multitudinem,
484 1228 565 1282 quum
580 1228 669 1264 secum
684 1214 807 1277 duxerat,
828 1215 856 1266 in

66 1285 131 1357 agris
140 1282 290 1350 eollooavit,
305 1285 456 1356 crebrisque
464 1284 664 1339 excursionibus
680 1283 855 1355 locupletavit,

65 1361 88 1413 2.
102 1360 196 1432 Neque
204 1359 295 1414 minus
305 1360 333 1414 in
342 1377 372 1415 ea
385 1377 413 1413 re
422 1359 567 1430 prudentia,
579 1375 660 1429 quam
670 1357 798 1424 felicitate,
810 1360 857 1414 ad-

65 1432 133 1489 iutus
146 1441 196 1488 est.
236 1435 303 1488 Nam
317 1452 402 1506 quum
417 1434 511 1488 virtute
523 1433 637 1487 militum
652 1433 767 1487 hostium
783 1432 857 1489 davi-

64 1507 137 1563 uisset
145 1508 290 1574 exereitus,
305 1526 410 1564 summa
419 1508 547 1580 aequitate
561 1526 601 1562 res
615 1508 760 1572 mnstltuit,
778 1515 857 1581 aequo

64 1581 117 1653 ipsa
129 1581 232 1638 ibidem
244 1601 349 1638 manera
364 1583 486 1638 deorevit.
526 1587 552 1637 3.
571 1584 634 1637 Erat
646 1582 717 1637 enim
732 1583 799 1637 inter
812 1601 856 1638 eos

63 1656 188 1731 dignitate
196 1658 278 1732 regia,
290 1657 413 1729 quamvis
422 1658 525 1713 carebat
534 1657 653 1726 nomine3
667 1675 753 1730 neque
764 1657 790 1713 id
800 1676 856 1712 ma-

62 1731 101 1804 gis
119 1732 245 1803 imperio,
270 1749 351 1804 quam
371 1732 484 1797 iustitia,
511 1740 675 1787 oonseoutus.
713 1734 806 1804 Neque
826 1750 856 1787 eo

62 1805 145 1861 moins
158 1806 376 1871 Atheniensibus,
397 1807 525 1879 equibus
538 1814 592 1862 erat
608 1806 749 1877 proiectus,
770 1806 856 1862 olfioia

61 1880 216 1951 praestabat.
254 1880 357 1947 Quibus
367 1880 446 1935 rebus
456 1880 545 1946 fiebat,
563 1889 593 1935 ut
602 1899 655 1937 non
664 1881 755 1936 minus
765 1898 856 1937 eorum

62 1954 194 2011 voluntate
206 1962 331 2027 perpetuo
344 1955 485 2026 imperium
499 1955 637 2021 obtineret,
657 1956 705 2028 qui
719 1956 853 2021 miserunt,

61 2028 659 2102 quamillorum,cumquibusaratpmleotus.
698 2032 724 2085 l.
744 2030 856 2087 Cherso-

16 2118 19 2175 ζ
60 2120 120 2161 nmo
134 2102 183 2159 tali
196 2103 275 2161 modo
292 2104 442 2169 eonstituta,
463 2106 594 2160 lemnum
609 2104 759 2171 revertitur,
778 2113 804 2161 et
822 2123 856 2160 ex

10 2818 26 2935 l

60 2188 131 2249 puoto
140 2177 269 2251 postulat,
284 2186 313 2233 ut
321 2178 373 2233 sibi
385 2179 477 2233 urbem
487 2179 598 2235 tradant.
637 2178 679 2234 llli
692 2179 765 2234 enim
780 2180 857 2235 dixe-

59 2260 128 2319 rant,
144 2270 245 2325 quum,
260 2260 337 2308 vento
350 2253 427 2308 borea
437 2252 514 2309 domo
522 2252 665 2326 proiectus,
681 2271 711 2309 eo
719 2254 856 2326 pervenis-

59 2334 169 2394 setsesa
177 2326 324 2395 dedituros;
336 2345 365 2382 se
373 2335 460 2383 autem
470 2328 579 2384 domum
584 2328 738 2385 Chersonesi
748 2328 853 2383 habere.

60 2402 84 2457 δ.
96 2402 188 2468 Cares,
199 2402 247 2474 qui
258 2408 315 2456 tum
324 2402 454 2457 Lemnum
464 2403 620 2469 inoolebant,
632 2403 679 2457 etsi
688 2410 789 2475 praeter
797 2401 855 2471 opi-

60 2475 165 2533 nionem
180 2492 224 2531 ras
237 2476 374 2542 oeelderat,
391 2484 491 2544 umen,
511 2497 564 2535 non
576 2478 657 2543 dioto,
678 2477 726 2533 sad
738 2474 854 2531 secunda

60 2546 162 2607 lutuna
174 2549 385 2607 adversariorum
398 2552 479 2624 eapti,
500 2553 618 2608 resistere
632 2551 690 2607 ausi
707 2566 761 2604 non
780 2558 851 2615 sunt,

61 2630 135 2701 eque
143 2642 179 2683 ax
188 2624 277 2681 insarla
284 2626 474 2700 demigrarunt.
508 2628 567 2684 Pari
576 2626 697 2754 lelioipte
705 2631 802 2681 aeteras
811 2623 854 2679 in-

676 2704 689 2735 η
