1896 3292
302 440 337 502 V.
356 440 489 501 ctuort.
510 440 591 500 cir.
611 443 634 501 1.
830 451 858 505 tt

63 557 252 610 reverteretur:
273 550 302 609 in
311 552 417 619 itinere,
429 569 514 625 quum
524 552 577 609 iam
587 553 616 608 in
624 569 655 609 eo
664 557 743 620 esset,
754 560 864 612 utoom-

64 627 288 701 prehenderetur¹
299 644 333 684 ex
341 627 418 684 vultu
428 627 566 683 cuiusdam
575 627 675 700 ephori,
689 628 737 701 qui
747 646 808 684 eum
818 631 865 685 ad-

64 719 175 759 monere
184 702 313 775 cupiebat,
324 701 434 767 insidias
444 701 496 757 sibi
505 702 562 758 fieri
572 702 709 758 intellexit.
733 706 760 761 2.
774 705 864 777 ltaque

102 777 162 832 uois
170 784 230 832 ante
237 776 374 855 gradibus,
386 794 468 850 quem
476 777 525 850 qui
534 778 724 850 sequebantur,
736 777 764 833 in
773 777 864 834 aedem

95 851 210 919 inerme,
221 868 289 912 uuae
298 853 447 923 yntxlomoc
457 858 574 919 vocatur,
588 850 717 926 ooniugit.
754 851 823 908 Hine
831 871 865 909 na

65 927 141 984 exire
152 935 251 1000 posset,
266 928 355 983 statim
369 926 459 999 ephori
468 926 560 984 valvas
574 927 631 981 eius
645 926 716 982 aedis
726 927 865 982 obstruxe-

65 1008 144 1068 runt.
155 1008 305 1075 tectumque
314 1008 377 1057 aunt
385 999 515 1067 demoliti,
530 1017 585 1074 quo
595 1000 699 1056 lucilius
707 1001 758 1056 auh
767 1001 812 1057 dio
822 1001 864 1057 in-

64 1076 165 1134 teriret.
203 1080 229 1133 ³.
248 1077 361 1142 Dicitur,
376 1092 407 1132 eo
419 1081 534 1148 tempore
547 1083 656 1131 matrem
666 1076 809 1132 Pausaniae
822 1077 864 1133 vi-

64 1151 151 1217 xieee,
172 1167 283 1224 eamque
297 1143 355 1206 iam'
365 1167 462 1226 magno
474 1157 552 1216 natu,
621 1157 713 1224 equam
726 1149 863 1206 desoelere

65 1225 117 1283 tilii
124 1226 261 1298 oomperit‚
278 1226 307 1281 in
316 1225 410 1298 primis
419 1224 453 1279 ad
462 1224 549 1280 lilium
558 1241 573 1280 o
583 1224 735 1281 audendum
748 1224 863 1299 lapidem

65 1299 101 1356 ed
111 1299 246 1356 introitum
255 1299 327 1356 aedis
336 1299 464 1355 attulisse.
493 1301 519 1354 l.
533 1298 728 1356 SioPeusanias
738 1317 863 1376 magnum

64 1373 129 1432 belli
139 1374 251 1449 gloriam
261 1373 332 1445 turpi
341 1380 424 1428 morte
432 1372 582 1428 maculavit.
614 1374 664 1428 llio
672 1391 757 1446 quum
767 1375 864 1430 semia-

63 1449 149 1506 nimis
158 1448 191 1503 de
200 1444 297 1518 templo
306 1445 389 1501 elatus
398 1453 474 1513 esset,
486 1445 621 1502 oonleatim
631 1447 747 1502 animam
755 1447 862 1506 efflavit.

64 1527 94 1581 e.
115 1521 200 1579 Cuius
210 1521 306 1576 mortui
315 1537 409 1592 eorpus
418 1537 503 1592 quum
511 1519 602 1575 eodem
615 1520 736 1576 nonnulli
750 1521 864 1578 dioerent

63 1596 160 1654 inferri
169 1602 298 1667 oportere,
309 1611 364 1668 quo
373 1594 415 1661 hi,
427 1595 475 1667 qui
484 1595 518 1650 ad
527 1594 689 1668 supplicium
698 1603 785 1652 essent
794 1597 860 1652 dati:

62 1669 202 1743 displicuit
209 1669 341 1741 pluribus,
354 1677 380 1725 et
387 1666 478 1742 procul
487 1669 521 1726 ab
530 1686 561 1725 eo
570 1669 626 1726 loeo
635 1668 797 1738 infoderunt,
809 1686 864 1744 quo

62 1752 121 1803 erat
139 1752 269 1802 mortuus.
307 1744 370 1800 lnde
388 1744 517 1817 posterius
538 1743 580 1800 dei
597 1744 716 1818 Delphini
739 1763 864 1818 responso

61 1827 169 1889 mutu,
180 1827 259 1894 etque
270 1819 361 1876 eodem
371 1819 426 1876 looo
439 1819 568 1894 sepultus,
581 1819 629 1877 uhi
639 1820 720 1878 dum
729 1830 858 1896 posuerat.

440 2137 483 2192 V.

317 2239 614 2302 cluort.

406 2377 476 2436 Car.
496 2379 519 2435 l.

116 2481 232 2561 Cruor,
247 2495 410 2552 Mrnrrinra
428 2513 539 2561 murus,
557 2492 772 2560 Αιιιιιιιιιιιιι,
793 2493 861 2548 duro

61 2568 206 2626 admodum
225 2570 300 2625 initio
317 2586 383 2626 usus
403 2576 442 2624 est
459 2569 654 2628 adolesoentiae.
693 2571 761 2626 Nem
773 2584 859 2640 quum

60 2653 134 2718 pater
143 2645 200 2701 eiua
209 2644 281 2700 litem
295 2645 454 2700 aestimatam
470 2643 567 2718 populo
579 2644 679 2702 solvere
693 2661 745 2699 non
759 2640 861 2713 potuis-

60 2727 114 2786 set,
124 2719 159 2775 ob
168 2735 279 2792 eamque
287 2735 393 2774 oausam
403 2720 431 2775 in
442 2719 555 2775 vinculis
566 2719 680 2792 publicis
693 2715 857 2783 deoessissd,

61 2793 157 2851 Cimon
171 2794 261 2849 eadem
275 2793 391 2849 ouatodia
405 2794 551 2861 tenebatur,
567 2811 653 2867 neque
666 2789 770 2864 legibue
778 2785 860 2844 Athe·

61 2866 198 2925 niensium
206 2866 289 2924 emitti
298 2875 409 2940 poterat,
421 2867 474 2925 nini
483 2870 631 2941 pecuniam,
644 2881 697 2952 qua
707 2870 779 2935 pater
788 2861 860 2919 mul-

61 2950 131 3001 tatue
141 2949 209 3010 erat,
220 2941 350 3000 saltuem.
387 2945 414 3000 2.
434 2938 874 3000 Habebatantemmmata'nnoxixn
