1906 3066
77 176 110 226 30
221 170 287 225 tlt.
306 166 550 223 ALCIBIADES.
570 166 653 221 cte.
672 167 723 223 Vl.

77 296 163 351 quum
176 279 296 333 animum
313 275 462 331 attendisset
479 275 514 329 ad
530 275 689 329 carendum.
725 277 819 348 ltaque
837 277 867 333 ad

77 353 292 425 Tissaphernem,
306 350 462 423 praelectum
472 350 541 421 regis
550 350 635 413 Darii,
646 368 676 405 se
684 350 806 407 eontulit.
843 356 866 407 3.

77 428 161 483 Cuius
170 446 255 500 quum
265 428 292 481 in
303 427 423 479 intimam
432 424 574 477 amicitiam
584 426 868 494 pert-enisset,etAthe·

76 502 224 564 niensium,
240 500 308 555 male
316 500 396 573 gestis
406 500 433 553 in
442 497 530 552 Sicilia
540 499 634 561 rebus,
649 516 713 570 opes
726 518 865 565 senem,

76 586 165 631 eontra
180 575 441 629 Lacedaemoniorum
453 590 566 627 cresceoe
584 572 697 635 rideret,
718 574 797 630 initio
810 592 866 631 eunt

77 650 204 705 Pisandro
212 658 334 720 praetore,
345 648 392 718 qui
401 647 586 717 apudSamum
594 649 740 703 exercitum
748 649 865 715 habelint,

77 742 125 796 per
134 726 306 779 internuntios
315 722 485 793 colloquitur,
499 721 566 775 etde
575 722 660 776 reditu
668 740 719 776 suo
728 722 866 779 lacittnen·

77 800 186 853 tionem.
223 799 284 852 Erat
292 798 364 853 enim
375 797 480 859 erdem,
490 814 545 869 quo
553 795 710 859 Alcibiades,
722 815 815 863 sensu,
825 814 866 871 po·

77 873 135 944 puli
144 874 271 943 potentiae
280 890 333 928 non
343 872 652 941 amicus,etoptimatum
662 870 760 927 fautor.
788 875 815 929 l.
829 872 865 929 Ab

78 948 128 1003 hoc
136 948 288 1003 destitutus.
299 947 416 1018 primum
425 963 472 1017 per
480 945 687 1019 Thrasybulum,
698 947 765 1021 Lyci
774 946 863 1011 filium,

78 1022 112 1077 ab
120 1022 235 1076 exercitu
244 1022 376 1092 recipitur,
388 1030 541 1091 praetorque
549 1020 578 1073 fit
587 1020 658 1091 apud
666 1020 793 1088 Samum3
804 1028 863 1094 pust,

78 1096 235 1171 suffragante
244 1097 417 1159 Theramene,
428 1094 584 1165 populiscito
592 1095 751 1159 restituitur,
762 1096 864 1169 parique

77 1172 172 1226 absens
191 1172 300 1243 imperio
318 1169 466 1241 praeficitur
482 1168 564 1223 simul
581 1186 644 1223 cum
661 1168 830 1244 Thrasybulo
844 1176 864 1225 d

78 1246 248 1301 Theramene.
285 1250 312 1301 5.
332 1246 432 1299 Horum
445 1243 556 1315 imperio
570 1252 640 1298 tanta
648 1245 819 1301 commutatio
830 1260 863 1301 rt·

77 1339 138 1377 rum
148 1321 212 1376 lacta
220 1330 273 1385 cst,
286 1328 316 1375 ut
323 1318 529 1383 Lacedaemonii,
539 1319 587 1390 qui
596 1317 685 1389 paullo
693 1328 756 1375 ante
763 1320 863 1377 victora

78 1397 229 1470 riguerant,
245 1395 370 1466 perterriti
381 1411 470 1464 paoem
479 1400 603 1464 peterent.
641 1393 863 1451 t'ictiantmarut

77 1467 863 1617 ttltlttfflllffllttltflt'llffi

77 1618 107 1671 in
120 1618 235 1673 hostium
248 1625 372 1671 venerant
384 1625 544 1688 potestatem.
581 1621 609 1671 6.
627 1614 779 1675 Alcibiades
788 1612 862 1674 simul

77 1709 139 1747 oum
152 1691 259 1765 eollegis
272 1700 399 1761 receperat
411 1692 526 1757 Ioniam,
542 1690 754 1763 Hellespontum,
776 1692 863 1749 multat

77 1775 204 1838 praeterea
219 1766 299 1821 urbes
311 1766 435 1831 Graecas,
448 1784 517 1838 quae
530 1766 559 1822 in
571 1783 616 1822 ora
629 1766 695 1821 sitae
706 1777 772 1823 sunt
784 1767 862 1829 dalet.

77 1859 191 1913 quarum
209 1849 391 1915 expugnarant
408 1840 569 1912 complures,
590 1842 618 1895 in
637 1840 681 1896 his
697 1842 861 1916 Byrantiun'tt

77 1933 164 1987 neque
171 1917 263 1971 minus
272 1916 368 1971 multas
376 1915 486 1972 oonsilio
494 1916 528 1970 ad
536 1915 678 1971 amiciu'am
686 1916 862 1977 adiunxerant

76 1990 149 2062 quod
163 1992 191 2047 in
205 2002 294 2063 captos
310 1990 446 2047 elementia
463 1990 565 2045 fueram
582 1990 636 2045 usi.
674 1992 701 2045 7.
721 1993 760 2047 lta
777 1988 864 2065 praeda

77 2066 178 2131 onusti,
205 2066 357 2138 locupletato
379 2065 509 2131 exercitu,
534 2064 660 2121 maximia
677 2065 760 2121 rebus
780 2063 862 2141 μᾶς,

76 2139 192 2195 Athenas
201 2151 339 2196 venerunt.

131 2214 177 2269 vt.
196 2216 244 2271 llis
255 2234 340 2287 quum
350 2216 456 2271 obviam
469 2215 592 2270 universa
605 2212 865 2271 eivitaainl'iraeottttt

77 2288 265 2351 descendisset,
277 2298 346 2346 tanta
356 2289 407 2345 iuit
419 2291 539 2346 omnium
548 2289 705 2361 exspectatio
713 2289 819 2345 visendi
828 2284 867 2345 Al-

77 2364 197 2429 cibiadis,
205 2374 234 2419 ut
243 2364 277 2418 ad
286 2366 344 2419 eius
354 2366 484 2421 triremem
496 2364 594 2438 vulgus
602 2363 751 2429 ooniluerot,
763 2360 867 2436 proindt

78 2440 143 2495 acsi
158 2439 232 2495 solus
244 2439 401 2495 advenisset.
439 2444 466 2497 2.
485 2439 529 2495 Sie
541 2438 612 2494 enim
625 2437 724 2511 populo
741 2446 798 2495 erat
815 2454 868 2511 pta·

78 2532 203 2581 suasum,
215 2513 371 2569 etadversas
378 2514 539 2586 superiores,
554 2521 581 2569 et
588 2520 736 2585 praesentes
743 2510 868 2570 amuda

78 2606 120 2643 res
128 2589 254 2645 aoeidisse
262 2588 320 2643 eius
329 2606 416 2661 opera.
454 2590 544 2661 ltaque
552 2598 577 2643 et
585 2588 689 2644 Siciliae
697 2588 869 2653 artissume

79 2664 342 2721 Laoedaemoniorum
370 2663 489 2721 victorias
513 2663 605 2737 eulpae
625 2680 690 2719 suae
713 2663 867 2725 tribuemnt.
