1906 3066
237 172 276 229 11.
297 167 607 228 THEMISTOCLES.
627 169 711 227 CAP.
731 170 768 226 X.
874 175 906 228 ⁴5

10 309 37 343 3-
106 283 352 337 onioeotliborotus.
390 283 413 335 d.
434 280 606 336 Nunoautem
619 284 655 334 od
670 289 694 335 te
707 285 823 352 confugi,
839 299 905 336 oxo-

10 366 41 419 ἀι·
104 362 199 426 ottotus
208 374 228 411 a
238 366 334 412 cuneta
345 356 467 419 Grmoto,
479 364 550 410 tuam
556 360 812 423 petensomioitiom:
828 374 906 425 quom

11 441 45 494 in
105 437 184 487 sero
198 436 322 501 adeptus,
341 449 394 486 noo
407 436 493 486 minus
506 448 546 484 mo
561 434 653 485 bonum
666 436 779 485 amioum
792 434 904 494 habebis,

10 515 49 570 ab
107 525 181 577 quom
188 511 425 578 [orteminimioum
434 509 479 560 stu
489 515 665 574 reportasset.
688 506 727 560 Eo
736 515 822 560 autem
832 524 904 575 rouo,

10 636 19 645 ,
40 630 48 651 ,
107 585 318 647 ntdeite'srebuo,
333 585 471 652 dequibus
484 589 567 636 mcum
580 585 691 650 colloqui
704 586 774 646 uolo,
789 599 905 636 nonnum

25 666 30 673 “
43 682 50 715 ;
108 661 165 713 ont
174 666 274 726 tempm
283 662 336 722 doe,
346 674 425 727 eoquo
435 665 567 712 transacto
577 660 613 711 od
624 665 647 710 to
656 662 743 712 venire
748 662 872 725 potioris.

36 758 53 777 ·-
156 732 194 789 X.
214 732 302 787 Huius
316 749 364 788 rox
373 732 456 787 animi
466 731 679 805 magnitudinem
692 732 841 798 admirans,
858 749 906 786 ou·

34 815 56 865 is
109 806 233 881 pinuque
252 806 332 863 talem
350 808 439 863 virum
458 807 510 863 sibi
527 806 675 872 conciliari,
694 809 800 864 veniam
822 807 903 863 dedit.

42 914 59 939 r
110 882 237 939 [lioomno
246 882 275 939 id
283 893 388 955 tempus
398 882 479 937 literis
491 882 660 955 sermonique
670 884 808 939 Persarum
818 884 902 939 dedit:

10 968 59 1019 ima
108 958 202 1030 quibus
211 957 277 1015 odeo
285 957 405 1015 eruditus
415 966 468 1023 est,
484 968 515 1013 ut
527 958 611 1013 multo
624 960 789 1014 commodius
803 959 905 1015 dicutur

10 1057 60 1095 ms:
108 1032 273 1108 rpudregsm
281 1034 362 1089 verbu
372 1033 472 1099 senisse,
480 1052 561 1107 quam
571 1033 600 1088 hi
611 1041 736 1106 poterunt,
748 1036 797 1107 qui
809 1037 837 1090 in
844 1038 905 1090 Per·

10 1132 65 1169 :un-
109 1108 317 1165 ridemuntnnti.
355 1112 383 1167 2.
402 1110 452 1164 nic
459 1127 545 1182 quum
555 1109 638 1165 multu
652 1114 706 1183 regi
722 1118 789 1165 esset
802 1110 905 1182 pollici-

22 1190 64 1243 sit.
109 1192 157 1251 trs.
171 1184 410 1261 grufissimumque
423 1184 504 1251 illud,
524 1186 548 1239 si
561 1185 619 1239 suis
632 1185 671 1239 uti
685 1185 803 1240 ronsiiiis
817 1186 903 1250 vellet,

12 1263 64 1318 ille.
109 1258 179 1317 illum
188 1259 328 1317 Grneoium
336 1260 616 1333 bellooppressurum3
632 1260 737 1335 mugnis
748 1261 905 1315 muneribus

10 1355 65 1411 ique
108 1335 137 1393 th
147 1336 296 1393 Artaxerxe
309 1335 421 1391 donatus
434 1336 461 1391 in
475 1336 567 1391 Asiam
582 1334 671 1401 rediit,
686 1334 905 1408 domiciliumque

10 1429 67 1485 sque
108 1410 253 1487 fflgnmine
264 1410 318 1467 sibi
330 1412 474 1467 onustitnit.
513 1415 539 1466 3.
559 1412 682 1484 Namque
695 1411 764 1465 huno
777 1411 870 1465 urbem
880 1411 904 1465 ei

12 1506 67 1560 per-
108 1488 281 1552 radonem,
296 1486 340 1542 his
349 1487 458 1560 quidem
468 1487 570 1553 verbis,
586 1490 905 1557 qoooeipommproebe-

10 1565 67 1618 eritis
108 1570 154 1619 ru.-
170 1562 590 1638 exqunrogionequmqunginta
605 1562 699 1618 talenta
712 1562 855 1634 quotannis
865 1580 904 1617 re-

108 1634 208 1709 dibmt3
229 1638 406 1711 Lampsacum
416 1646 513 1703 nutem,
525 1644 593 1693 uredo
603 1644 693 1694 vinum
701 1648 826 1707 suniero&
845 1639 904 1713 My-

10 1712 65 1768 :len
108 1722 206 1780 nutem,
229 1730 266 1769 eoo
278 1731 333 1784 quo
345 1718 479 1782 opsonium
491 1718 603 1769 dotent.
643 1715 728 1768 Huius
740 1714 774 1769 nd
789 1721 904 1769 nostram

12 1789 67 1842 issi
107 1788 258 1847 munorinm
282 1797 451 1844 monumento
475 1799 629 1844 manserunt
655 1789 720 1845 dno.
751 1788 903 1861 sepulcrum

23 1862 64 1935 qui
106 1862 331 1939 mopsoppidum
343 1864 371 1919 in
383 1882 438 1936 quo
446 1874 486 1919 est
494 1865 627 1936 sepultum
639 1873 738 1919 statuae
748 1865 774 1919 in
786 1863 905 1920 ioroMa·

10 1938 62 1992 den
106 1940 219 2013 μείω.
259 1940 286 1994 i.
305 1940 342 1994 De
355 1939 432 1994 ouius
446 1948 529 1996 morto
542 1940 706 1995 multimodis
720 1939 792 2011 apud
806 1940 904 2011 pleros-

10 2014 63 2070 isse.
159 2014 294 2087 seriptum
303 2022 356 2085 est3
376 2014 424 2070 sed
434 2032 482 2070 nos
491 2015 605 2070 eundem
618 2015 786 2086 potissimum
797 2017 905 2088 Thucy·

10 2092 65 2143 xus
105 2030 191 2147 ditum
210 2097 344 2146 auctorem
362 2091 519 2163 probamus,
540 2090 588 2162 qui
609 2091 685 2145 illum
705 2091 741 2145 nit
755 2092 904 2165 Magnesiae

10 2168 64 2217 idn
106 2166 193 2223 norbo
201 2172 352 2231 mortuum,
364 2183 451 2238 neque
461 2176 550 2239 negat,
562 2164 643 2220 fuisse
652 2164 759 2230 samam,
771 2184 904 2221 venenum

10 2258 65 2309 ψα-
106 2240 424 2315 mrpontesumpsisse,
440 2258 526 2312 quum
536 2258 580 2306 se,
600 2258 669 2313 quae
682 2241 738 2315 regi
754 2240 787 2295 de
797 2242 904 2297 Graecia

10 2315 66 2369 tuen
106 2314 275 2389 opprimendi
283 2314 417 2388 pollicitus
426 2326 505 2380 esset,
521 2323 651 2387 praestaro
659 2333 737 2388 posse
745 2315 902 2387 desperaret.

10 2394 68 2446 inu
107 2388 187 2459 Idem,
201 2391 330 2449 moins
339 2390 408 2445 olam
418 2390 446 2446 in
455 2390 538 2445 Attica
547 2391 581 2446 ab
595 2392 688 2446 amicis
702 2391 818 2461 sepulta,
837 2406 904 2460 quo-

10 2470 69 2521 ettet.
108 2464 173 2523 niem
185 2466 294 2545 legibus
307 2482 361 2521 non
372 2465 570 2531 oonoederetur‚
590 2466 664 2539 quod
672 2464 827 2539 proditionis
836 2470 904 2517 esset

20 2548 70 2615 [eei.
109 2536 252 2608 mantus,
262 2540 405 2597 memoriae
413 2540 535 2613 prodidit.

10 2636 71 2675 verr
356 2654 359 2661 ·

10 2699 72 2766 pm·-

424 2699 585 2712 ——-
