1906 3066
111 176 145 230 ω
259 168 329 226 xrr.
349 166 554 227 curreris.
574 167 658 223 car.
677 167 701 224 1.
720 167 759 223 11.
938 130 943 237 ξ

110 264 151 337 xit
159 278 194 335 ad
203 284 370 344 meantem,
380 274 905 350 placatisinsesuorumsiriumanimis.
937 312 949 354 ¹

111 355 225 412 Causam
238 354 330 426 eapitis
343 351 424 408 semei
438 350 519 418 dixit,
539 349 609 406 helio
622 349 724 417 sociali,
745 348 828 405 simui
846 366 905 407 oum
937 360 940 377 ²

111 428 260 494 Timotheo,
275 444 359 501 eoque
372 425 517 483 iudieioast
528 424 674 482 absolutus.
713 426 740 481 t.
758 424 911 483 Menesthea.

112 504 198 559 filium
208 501 328 575 reliquit,
342 518 377 557 ex
390 501 502 557 Thressa
511 508 617 566 natum,
632 498 770 574 Cotiregis
779 498 846 555 iiiia·
882 500 905 555 Is

111 596 197 650 quum
211 577 425 650 interrogaretur,
445 583 536 632 utrum
548 574 634 649 pluris
646 581 747 647 patrem
764 580 906 631 matram

110 651 452 723 iaceret3matrem,inquit.
489 650 520 705 Id
528 666 615 723 quum
623 648 905 707 omnihuamimmvi-

111 725 340 792 dereturzatille,
351 724 637 798 meritainquitsasto·
656 724 905 795 Namfflatsrauuu·
937 744 949 803 ῃ

113 799 905 872 tamtaasfutt,tttraeemmsersaait,eoatrasamatar.4tto-
938 832 949 879 ἓ

112 880 232 930 saonam.
941 896 949 905 ·

940 936 949 1041 i

464 1114 558 1170 ΧΠ.

339 1214 680 1279 CHABRIAS.

454 1355 524 1413 Car.
544 1355 565 1410 1.

169 1462 339 1538 Casuaria,
360 1472 577 1528 Arurrrsrsrs.
614 1470 663 1526 flio
674 1486 783 1543 quoque
795 1468 825 1525 iu
837 1482 908 1523 aum-

114 1549 167 1604 mis
176 1547 283 1603 habitus
291 1556 331 1602 est
338 1547 462 1612 ducibus,
472 1563 567 1619 resque
575 1545 673 1601 multas
681 1543 808 1601 maximia
818 1542 909 1617 dign

115 1622 206 1696 gessit.
244 1620 295 1676 Sed
309 1638 342 1676 ex
361 1621 405 1676 his
418 1619 501 1676 elucet
514 1621 631 1677 maxima
649 1620 788 1676 inventum
806 1614 908 1675 eiua'u

114 1694 226 1769 proelio,
240 1694 313 1768 quod
322 1696 393 1767 apud
402 1695 505 1751 Thebas
517 1694 590 1763 feeit,
605 1711 692 1769 quum
699 1693 811 1750 Boeotiis
824 1688 909 1749 subi-

115 1771 160 1828 dio
169 1769 293 1827 venisset.
330 1774 357 1828 2.
377 1770 535 1843 Namquein
548 1788 591 1837 eo,
606 1769 714 1827 victoria
728 1767 827 1824 fidente
838 1782 911 1823 sum·

115 1864 159 1902 mo
168 1845 235 1902 duos
243 1844 377 1920 Agesilao,
394 1845 491 1920 iugatis
504 1845 558 1902 iam
571 1845 606 1901 ab
614 1842 821 1901 eoeonduetitiis
832 1850 911 1899 eat&

116 1922 172 1986 vis,
183 1919 313 1994 reliquam
323 1918 482 1995 phalangem
490 1919 547 1977 1000
554 1920 637 1977 vetuit
645 1919 747 1985 sedere,
761 1917 911 1991 obnixeque

134 2013 186 2050 anu
201 2003 288 2062 soute,
307 1997 420 2068 proiectu
433 1996 507 2052 hasta
522 1995 649 2068 impetum
663 1993 782 2066 excipere
795 1991 910 2049 bustiam

115 2014 213 2126 Aoeuit.
252 2070 282 2125 Id
300 2088 399 2127 novum
417 2070 555 2146 Agesilaus
573 2078 699 2126 ooutueus
716 2066 842 2142 progredi
860 2082 910 2123 nou

116 2152 156 2200 est
164 2162 258 2210 ausus,
273 2163 389 2218 suosque
399 2147 452 2201 iam
462 2146 624 2202 inerarrentes
631 2144 696 2200 tuba
705 2140 848 2199 revoeavit.
884 2142 909 2197 t.

116 2222 171 2276 Ηοο
183 2236 270 2292 usqua
282 2237 315 2275 eo
327 2228 378 2276 tota
386 2220 492 2277 Graecia
507 2219 576 2275 fama
589 2218 748 2275 celebratum
760 2223 814 2283 est,
829 2212 912 2273 utute

117 2302 186 2351 statu
195 2293 322 2351 Chabrias
335 2295 387 2350 sibi
397 2303 510 2352 statuam
519 2294 576 2351 fieri
585 2293 710 2359 voluerit,
725 2310 796 2366 quae
808 2289 912 2365 publio

116 2370 141 2425 ei
151 2371 185 2426 ab
193 2368 399 2426 Atheniensibus
412 2371 441 2426 in
454 2370 510 2427 iero
523 2370 662 2426 eonstituta
675 2375 724 2424 est.
761 2367 804 2423 Ex
813 2362 913 2441 quoia-

116 2453 189 2502 etum
199 2451 251 2512 est,
266 2450 297 2499 ut
304 2452 392 2516 postea
402 2445 512 2502 athletae
519 2446 650 2518 eeterique
663 2442 775 2500 artiflees
787 2442 833 2497 his
842 2438 912 2497 steti·

117 2521 169 2576 bus
177 2522 205 2576 iu
216 2520 309 2575 statuis
317 2520 447 2592 ponendis
460 2527 608 2587 uterentur,
622 2519 650 2575 iu
664 2518 765 2592 quibus
779 2516 913 2574 victorium

117 2604 203 2651 essent
212 2595 308 2667 adepti.

172 2671 206 2725 11.
227 2670 354 2727 Chabrias
363 2677 451 2726 autam
464 2668 547 2725 multa
561 2669 590 2724 in
598 2669 704 2741 Europa
716 2666 786 2724 bella
799 2665 914 2725 admini-
