1896 3292
171 445 209 500 11.
230 443 540 502 THEMISTOCLES.
560 446 642 503 chr.
661 448 695 504 V.
715 449 765 505 v1.
832 455 859 507 ιι

64 558 152 617 voret,
168 559 247 607 noctu
260 551 294 608 de
307 553 390 610 servis
403 554 475 621 suis,
492 572 574 628 quem
584 555 679 611 habuit
690 556 860 626 fidissimum,

63 627 101 682 ad
109 643 199 700 regem
209 626 295 694 misit,
308 629 685 698 uteinuntiarelsuisverbis,
701 631 862 690 adversarius

63 702 125 757 eius
134 701 163 755 in
173 699 236 775 iuga
245 719 315 759 esse:
348 705 374 758 l.
394 705 442 777 qui
452 704 476 758 si
485 704 677 773 disoessissent,
695 706 792 761 maiore
801 723 861 763 aum

66 777 156 832 labora
174 783 200 831 et
218 776 402 851 longinquiora
418 786 534 851 tempora
550 780 651 835 bellum
672 780 860 847 eanimurum,

64 850 282 925 quumsingulos
292 854 589 928 consectarioogeretur3
608 855 863 933 quossistatimag-

63 924 225 1000 graderetur,
236 927 311 983 brevi
321 928 459 984 universos
468 946 666 1001 oppressurum.
690 931 863 987 lloeeovale·

66 1003 125 1066 hat,
145 1007 176 1056 ιιι
189 1001 309 1076 ingratiis
322 1003 356 1057 ad
369 1003 574 1078 depugnandum
588 1022 679 1060 omues
698 1013 860 1080 augerentur.

65 1080 93 1131 5.
114 1076 315 1143 llaaraaudita‚
327 1078 468 1144 barbarus,
484 1078 552 1134 nihil
561 1078 615 1134 doli
624 1080 732 1135 subesse
742 1079 859 1146 eredens,

65 1149 191 1222 postridie
203 1151 365 1209 alienissimo
377 1153 429 1208 sihi
445 1154 512 1220 lom,
534 1161 621 1210 oonlra
640 1155 861 1226 opportunissimo

66 1225 195 1292 hostibus,
206 1227 270 1282 adeo
279 1235 392 1302 angusto
401 1229 468 1284 mari
477 1228 602 1294 conflixit,
614 1236 644 1284 ut
651 1230 710 1285 eius
719 1229 861 1286 multitudo

65 1299 176 1356 navium
190 1301 315 1373 explicari
329 1320 381 1358 non
395 1303 517 1375 potuerit.
556 1304 646 1360 Victus
654 1320 716 1378 ergo
725 1312 766 1360 est
774 1304 861 1379 magis

63 1375 175 1431 oonsilio
184 1376 374 1443 Themistoclis,
386 1394 469 1449 quam
478 1377 558 1432 armis
568 1377 699 1433 Graeoiae.

122 1450 155 1504 V.
171 1450 219 1503 llio
228 1450 276 1504 etsi
285 1449 354 1505 male
362 1468 418 1506 rem
427 1458 549 1525 gesserat,
561 1458 647 1507 umen
656 1459 740 1508 untes
749 1453 861 1509 hahebat

64 1523 195 1594 reliquias
204 1524 352 1595 oopiarum,
369 1533 399 1580 ιιι
407 1527 485 1580 etiam
494 1542 556 1580 aum
565 1525 608 1579 his
617 1526 764 1597 opprimere
774 1534 861 1600 posset

64 1600 165 1652 hostes.
203 1599 301 1653 lterum
314 1600 348 1654 ah
359 1599 450 1656 eodem
497 1599 549 1655 adu
568 1599 695 1672 depulsus
707 1607 756 1656 εει.
793 1603 859 1657 Nam

65 1671 253 1729 Themistocles
263 1690 368 1740 verens,
380 1691 414 1730 ne
422 1674 465 1730 hel
476 1693 519 1730 are
528 1682 716 1747 perseveraret,
727 1674 860 1732 oertiorem

63 1745 210 1814 eumfacit,
222 1747 316 1823 magi,
332 1757 362 1805 ιιι
369 1767 450 1823 pons,
466 1767 547 1823 quem
557 1749 602 1827 ille
611 1749 638 1805 in
649 1748 860 1822 Hellespontolo-

63 1829 146 1888 uerat,
161 1822 359 1892 dissolveretur,
376 1842 408 1881 ao
420 1824 505 1881 reditu
518 1825 547 1882 in
560 1824 652 1881 Asiam
664 1825 857 1893 excluderem

64 1898 146 1970 idque
157 1898 182 1953 ei
194 1899 333 1971 persuasit.
371 1903 398 1958 2.
417 1902 509 1974 ltaque
521 1917 576 1973 qua
593 1918 640 1956 sex
658 1901 794 1956 mensibus
811 1900 860 1955 iter

64 1973 171 2039 lauerat,
182 1974 273 2029 eadem
282 1973 373 2030 minus
382 1973 475 2031 diebus
485 1975 592 2049 triginta
601 1975 629 2030 iu
639 1974 729 2030 Asiam
739 1992 860 2032 reversus

64 2054 119 2112 est,
131 2065 213 2120 seque
222 2066 237 2102 a
247 2048 420 2105 Themistocle
429 2067 481 2106 nou
491 2057 656 2121 superatum,
667 2050 714 2105 sed
722 2067 860 2106 conserva-

65 2121 268 2179 tumiudicavit.
306 2127 333 2179 3.
352 2123 397 2180 sio
405 2124 488 2180 unius
498 2124 550 2180 viri
563 2123 702 2196 prudentia
711 2124 817 2180 Graeoia
827 2123 860 2179 li-

64 2198 152 2253 beruto
170 2206 221 2265 est,
242 2198 415 2271 Europaeque
433 2198 573 2255 sumuhuil
585 2198 657 2254 Asia.
694 2201 763 2255 llaeo
781 2198 859 2255 altero

65 2271 494 2345 victoriaquaecumumuonio
502 2273 585 2346 possit
592 2274 736 2346 comparari
746 2282 858 2346 tropaeo.

62 2348 133 2403 Nam
146 2346 203 2419 pari
216 2346 295 2403 modo
308 2348 380 2420 apud
388 2347 520 2404 Salamina
533 2365 615 2420 parvo
625 2366 736 2407 numero
749 2349 860 2405 navium

63 2421 182 2477 maxima
190 2430 249 2493 post
258 2423 397 2479 hominum
406 2422 560 2479 memoriam
569 2422 660 2479 elassis
669 2432 709 2479 est
717 2423 829 2480 devicte.

118 2496 164 2553 v1.
183 2497 297 2571 Magnus
307 2497 357 2554 hoo
364 2497 434 2553 hollo
443 2497 629 2554 Themistocles
637 2497 701 2566 luit,
714 2496 860 2571 aequami-

62 2570 150 2627 uorin
193 2586 232 2627 ae.
252 2570 342 2638 Quum
351 2571 560 2629 euimPhalerioo
569 2581 655 2646 portu,
669 2589 754 2646 neque
763 2588 860 2645 magno

62 2662 152 2718 neque
194 2662 242 2712 uo,
257 2644 429 2703 Athenienses
438 2655 585 2717 uterentur,
606 2648 688 2704 huius
696 2645 805 2702 oonsilio
814 2644 861 2700 tri-

61 2718 125 2793 plex
134 2719 219 2777 Piraei
226 2727 318 2793 portus
332 2723 488 2778 constitutus
499 2729 553 2790 εει,
568 2723 646 2796 isque
658 2719 796 2777 moenibus
809 2718 862 2774 air·

60 2793 218 2862 mumdum,
234 2803 264 2851 ιιι
273 2795 358 2869 ipsam
367 2797 461 2854 urbem
469 2796 596 2873 dignitato
604 2796 796 2869 aequipararat,
807 2794 861 2850 uti-

61 2868 135 2927 lilala
145 2877 290 2942 superaret.
327 2875 355 2929 2.
374 2873 448 2951 Idem
463 2890 554 2928 muros
568 2867 770 2928 Atheniensium
785 2869 861 2926 resti-

60 2943 113 3003 tuit
130 2943 273 3020 praeeipuo
288 2945 405 3022 periculo
420 2964 481 3006 suo.
517 2948 642 3022 Namque
653 2942 870 3008 homousiam„
