1896 3292
199 425 249 485 VI.
268 423 483 483 LYSANDER.
503 424 585 482 GAP.
604 425 644 481 ΙΙ.
663 426 717 480 lll.
812 422 852 484 '25

56 541 165 607 temque
173 534 295 591 omnium
303 551 392 591 rerum
401 533 579 591 committeret.
612 534 712 589 Horum
721 532 749 588 in
758 551 852 590 nume-

55 626 120 665 rum
130 625 208 665 nemo
216 609 412 675 admittebatur,
428 608 538 682 nisiqui
547 607 781 678 auteiusbospitio
790 625 852 664 oon·

55 684 193 749 fineretur,
203 683 572 756 autseilliueforeproprium
581 682 633 738 sude
641 681 816 738 confirmaret.

112 759 147 814 Π.
167 759 205 814 lta
223 757 388 816 decemvirali
406 765 529 831 potestate
546 758 575 812 in
593 757 718 813 omnibus
739 756 852 811 urbibus

56 832 210 899 constituta,
230 833 315 906 ipsius
327 840 395 888 nutu
407 833 497 888 omnia
513 831 680 907 gerebantur.
717 830 802 887 Cuius
819 830 852 886 de

56 906 209 963 crudelitate
221 926 253 963 oc
264 907 373 980 perfidia
383 908 446 962 satis
454 915 494 963 est
503 923 584 962 unam
599 923 654 962 rem
668 905 782 977 exempli
791 922 853 979 gra·

56 982 94 1037 tia
101 980 225 1054 proferro,
231 999 265 1039 ne
273 983 307 1038 de
315 982 404 1038 eedem
412 981 489 1054 plura
497 981 673 1037 enumerando
681 979 852 1054 defatigemus

56 1055 164 1112 lectores
212 1060 238 1115 2.
259 1058 345 1115 Victor
358 1075 391 1112 ex
404 1057 467 1115 Asia
484 1073 569 1129 quum
582 1063 763 1120 reverteretur,
783 1055 853 1110 Tha·

57 1147 173 1204 samque
181 1130 345 1198 devertisset,
360 1130 432 1205 quod
444 1149 474 1187 ee
487 1131 578 1188 civitas
587 1131 725 1202 praecipuo
735 1129 787 1185 lide
795 1128 853 1184 lue-

56 1215 98 1261 rat
106 1223 168 1280 erga
176 1207 360 1272 Athenienses,
375 1206 485 1278 proinde
493 1223 523 1261 ac
532 1206 556 1260 si
565 1205 645 1261 iidem
654 1204 800 1260 firmissimi
809 1220 853 1258 so·

57 1279 305 1347 lorentesseemici‚
321 1280 369 1354 qui
381 1288 527 1337 constantes
540 1279 650 1335 inissent
664 1279 778 1346 inimici,
793 1295 852 1334 eam

56 1363 204 1428 pervertere
216 1355 376 1427 concupivit.
415 1359 441 1410 3.
462 1354 532 1409 Vidit
545 1362 645 1415 numm,
660 1354 713 1409 nisi
726 1353 754 1409 in
768 1370 798 1408 ec
809 1370 853 1408 oo-

56 1429 182 1486 cultossot
191 1428 365 1493 voluntatem,
380 1426 514 1492 futurum,
529 1435 560 1482 ut
568 1426 657 1483 Thasii
666 1426 850 1492 dilaberentur,

57 1501 279 1575 consulerentque
288 1501 367 1557 rebus
376 1501 444 1557 suis.
482 1498 673 1572 ltaque****

209 1600 215 1613 ·
318 1576 601 1647 (Demctooopoueu)

115 1649 162 1706 111.
182 1651 272 1722 ltaque
281 1649 310 1707 hi
318 1649 516 1707 decemviralem
529 1656 678 1722 potestatem
691 1649 725 1705 ab
737 1647 783 1705 illo
792 1666 853 1704 oon·

57 1725 178 1781 stitutum
190 1726 362 1782 sustulerunt.
400 1725 459 1793 Quo
471 1725 560 1782 dolore
572 1726 707 1790 incensus,
723 1724 783 1779 iniit
792 1741 854 1780 con-

56 1799 132 1866 silia,
152 1817 227 1874 reges
239 1801 502 1857 Lacedaemoniorum
515 1799 613 1856 tollere.
650 1798 702 1856 Sed
717 1799 851 1865 sentiebat,

57 1875 86 1932 id
95 1892 125 1931 se
133 1874 191 1930 sine
199 1892 248 1948 ope
256 1876 366 1932 deorum
379 1875 462 1932 lacere
475 1893 527 1932 non
541 1892 631 1948 posse,
645 1874 718 1947 quod
726 1874 854 1930 Lacedae-

56 1949 142 2007 monii
151 1950 284 2006 omniaad
295 1950 399 2007 oracula
408 1949 502 2007 referre
515 1957 711 2007 consueverant.
749 1953 776 2006 2.
796 1949 854 2005 Pri-

57 2042 135 2083 mum
143 2025 257 2097 Delphos
270 2043 436 2097 corrumpere
447 2035 487 2081 est
498 2033 616 2082 conatus.
655 2023 744 2091 Quum
757 2023 786 2078 id
799 2040 853 2079 non

56 2099 199 2173 potuisset.
212 2100 346 2156 Monam
360 2099 465 2156 adortus
480 2108 528 2156 est.
567 2099 634 2154 llino
645 2115 752 2170 quoque
766 2096 854 2170 repul·

57 2192 115 2240 sus,
126 2173 195 2230 dixit
202 2191 232 2229 se
241 2183 299 2231 vote
309 2174 467 2246 suscepisse,
478 2191 547 2247 quoe
556 2173 611 2229 Iovi
619 2173 759 2228 Hammoni
769 2172 854 2228 solve-

57 2257 110 2314 ret,
121 2249 276 2305 existimans
285 2267 314 2304 se
323 2248 399 2305 Afros
408 2248 511 2305 facilius
520 2256 716 2321 corrupturum.
754 2252 780 2304 ³.
801 2249 854 2303 llac

57 2341 106 2397 spe
115 2341 200 2397 quum
210 2323 338 2394 proiectus
347 2331 414 2379 esset
424 2325 451 2380 in
463 2322 591 2387 Africam,
606 2321 720 2378 multum
734 2339 795 2378 eum
806 2340 854 2377 an-

58 2399 152 2454 tistites
171 2398 241 2455 lovis
260 2397 415 2454 fefellerunt.
453 2399 520 2454 Nam
539 2414 592 2453 non
611 2396 697 2453 solum
720 2395 854 2468 corrumpi

58 2491 113 2531 non
121 2480 274 2545 potuerunt,
293 2472 427 2528 sedetiam
441 2470 538 2547 legatos
546 2471 764 2528 Lacedaemonem
775 2471 854 2526 mise-

58 2554 136 2613 runt,
152 2547 200 2620 qui
209 2547 377 2622 Lysandrum
387 2555 551 2613 accusarent,
566 2547 638 2620 quod
647 2546 790 2602 sacerdotes
800 2542 854 2598 lani

58 2639 226 2693 corrumpere
238 2632 345 2678 conatus
354 2630 429 2678 esset.
468 2625 494 2679 l.
514 2622 656 2678 Accusatus
671 2622 720 2676 hoc
732 2619 852 2682 crimine,

58 2696 233 2769 iudicumque
247 2695 383 2752 absolutus
396 2697 544 2762 amentiis,
560 2695 741 2752 Orchomeniis
755 2692 854 2746 missus

58 2771 194 2837 subsidio,
210 2770 312 2826 occisus
327 2780 365 2826 est
380 2771 536 2828 oThebanis
549 2771 620 2843 apud
633 2770 788 2825 Haliartum.
826 2769 853 2821 a.

57 2847 147 2916 Quam
160 2862 222 2902 vere
235 2844 268 2901 de
282 2862 313 2901 eo
330 2844 394 2902 leret
407 2844 566 2912 iudicatum,
587 2845 668 2901 oratio
680 2839 778 2896 indicio
794 2837 853 2907 luit,

57 2940 129 2997 quae
136 2927 313 2995 postmortem
323 2921 352 2979 in
361 2920 439 2978 domo
447 2920 505 2977 eius
515 2926 614 2994 reperta
628 2925 680 2983 est,
693 2914 722 2971 in
732 2932 854 2989 quaeue·
