1906 3066
361 173 599 217 rnaonnuna.
830 182 878 234 435

80 267 119 314 uia
128 255 166 304 oda
174 264 195 304 ei
203 264 251 313 napi
258 263 373 315 Κορνήλιον
381 264 471 304 Ninum
479 262 514 302 1111
526 256 635 310 odanam
643 260 745 312 Μάξιμον
752 264 877 314 inopima.

80 327 155 378 Λίβιος
165 328 187 367 di
196 327 231 368 1111
239 329 322 378 Καῖσαρ
331 327 343 368 d
351 324 447 377 ordonide
455 327 585 377 κομισθῆναι
594 324 631 375 τὴν
643 325 716 377 ὑδρίαν
727 325 777 379 πρὸς
791 328 825 369 ada
834 331 879 371 eide

31 416 35 431 ι
80 391 186 442 εἰρήκασι,
195 391 231 431 aad
238 394 330 443 ταφῆναι
338 388 443 441 λαμπρῶς.
465 381 528 426 ΡΜ.
538 383 562 425 in
572 380 664 425 Marcel.
675 396 694 425 e.
704 386 739 427 36.

117 448 217 499 Ἀννίβαν
226 451 247 491 di
256 448 387 500 Μάρκελλος»
401 444 427 497 ὗς
435 451 474 499 μὶν
483 450 503 489 oi
512 452 559 498 negt
567 448 674 499 nutriam
682 451 781 500 λέγουσιν,
793 445 841 493 odet
850 452 879 493 a'a'·

80 509 123 559 ηαξ
131 507 236 561 inlatum,
251 507 294 551 ἄλλ’
306 506 401 559 ditantes
416 505 466 559 111111
480 511 536 551 donat
549 510 681 558 tonantum
689 512 749 561 altpt
758 511 878 560 Σκιπὰυνος.

77 567 150 622 Ἡμεῖς
163 572 185 612 di
194 571 275 623 Λιβίῳ,
285 568 378 618 Καίσαρι
392 570 428 609 καὶ
436 570 533 612 Ninum
545 569 582 610 aad
594 571 635 611 τῶν
646 569 756 619 iuuenta
764 573 791 624 τῷ
799 571 881 621 dantia!

81 627 135 686 iddqa
143 630 280 681 πιστεύομεν»
298 628 356 679 irrue
365 629 420 676 τινὰς
429 627 595 680 1111111111ςῦπό
603 628 726 678 Μαρκέλλου
736 631 775 670 τῶν
784 627 822 670 σὺν
831 629 879 673 Ἅν-

79 685 513 796 νιβφθζᾞῗῗζῇοξᾚί11110101111111111
515 684 808 797 11111111ῒ1111ι11111111101111111
823 744 878 785 aori-

79 798 157 848 beret,
175 797 255 840 turdoa
269 797 346 852 paullo
361 803 413 840 anta
427 804 520 853 coeptoa
535 798 645 850 raginari,
660 798 761 849 addidit,
780 801 878 841 ciconiaa

79 855 152 906 magia
162 851 264 908 plaeere,
279 866 344 906 quam
354 867 431 906 grues,
446 868 511 908 quum
526 854 581 896 haec
595 867 654 896 nune
664 853 712 896 alea
725 856 785 897 inter
794 855 878 909 primaa

79 913 212 965 expetatur,
223 908 286 951 illam
295 923 348 951 vero
358 923 422 952 namo
431 909 487 953 velit
497 912 606 962 attigisse.
616 909 676 953 Ptin.
688 915 721 960 10,
731 913 765 952 2³.
776 910 833 965 (³0.)

122 964 190 1020 Apud
201 967 305 1018 autiquoa
315 967 412 1020 piaeium
423 964 574 1008 nobiliaaimua
585 965 675 1008 habitur
685 967 878 1021 acipensem——

78 1020 166 1064 Poatea
180 1022 325 1076 praecipuam
339 1022 495 1064 auctoritatem
509 1021 581 1064 fuiaae
596 1020 650 1075 lupo
665 1026 688 1063 et
702 1020 791 1072 asellis,
810 1021 878 1064 Corn.

78 1074 160 1133 Nepos
169 1081 192 1118 et
203 1077 319 1126 Laberius,
329 1080 399 1132 poeta
408 1079 529 1127 mimorum,
539 1077 661 1120 tradidere.
672 1075 732 1119 Ptin.
743 1081 764 1127 9,
776 1082 809 1120 11.
820 1081 832 1130 i
860 1080 878 1132 .)

27 1142 29 1176 !
122 1132 256 1185 Magnitudo
268 1130 325 1186 (loto
336 1133 435 1188 arbori),
452 1146 508 1187 quae
518 1134 580 1188 piro,
593 1145 722 1187 quamquam
732 1130 811 1188 Nepoa
823 1133 879 1177 Cor·

27 1196 29 1202 “
79 1186 155 1231 nelina
166 1189 254 1231 brevem
267 1188 425 1230 tradat.-—
439 1188 519 1230 Vinum
533 1201 619 1243 quoque
635 1189 771 1242 exprimitur
784 1187 832 1237 ilii,
847 1189 879 1231 ai·

78 1243 132 1287 mile
141 1241 221 1294 mulao,
228 1244 286 1299 qnod
297 1243 357 1287 ultra
368 1244 437 1286 denos
448 1245 495 1287 dier
505 1249 573 1296 negat
584 1245 727 1287 durareiriem
733 1241 819 1298 Nepoa,
826 1244 878 1286 bao-

79 1312 118 1343 111
134 1313 162 1343 na
172 1304 278 1342 contusae
287 1313 336 1343 eum
345 1298 405 1343 alica
414 1301 442 1342 ad
452 1301 512 1343 oiboa
519 1297 579 1342 dolio
586 1300 658 1341 condi.
667 1297 730 1343 Plin-
738 1303 770 1349 13,
778 1303 811 1341 at.
819 1300 876 1354 (32.)

120 1313 236 1399 dennuni
247 1359 372 1398 contectam
385 1356 457 1399 fuisse
467 1356 560 1397 Romam
574 1368 643 1410 usqne
658 1356 687 1396 ad
701 1352 784 1397 bellum
795 1355 877 1408 Pyrrhi

78 1413 144 1455 annia
156 1410 313 1461 CCCCLXX,
326 1411 392 1454 Corn.
402 1410 481 1467 Nepos
493 1418 570 1454 auctor
580 1417 622 1454 ert.
652 1409 714 1453 Ptin.
725 1413 758 1461 16,
770 1414 803 1452 16.

123 1468 279 1522 CormNepoa
293 1468 377 1517 tradit,
393 1475 444 1510 ante
456 1466 534 1510 Sullae
546 1467 661 1509 victoriam
678 1467 721 1508 duo
736 1469 823 1509 tantum
837 1468 879 1509 tri-

78 1522 149 1567 clinia
160 1522 244 1567 Romae
254 1523 327 1565 fuiaae
337 1527 450 1576 argentea.
478 1522 541 1567 Petu.
552 1527 586 1574 33,
597 1527 629 1565 11.
641 1523 698 1580 (52.)

120 1578 459 1632 Ρ11111111111111111111111111)
470 1579 582 1629 colorare,
593 1583 664 1630 tetta,
678 1583 704 1622 ut
711 1579 799 1630 ierant,
813 1580 876 1631 trita,

80 1634 236 1690 Cleophantus
247 1634 384 1677 Corinthius.
400 1636 473 1686 Hune,
484 1639 525 1678 aut
533 1636 610 1678 eodem
621 1636 709 1679 nomine
720 1633 787 1678 alium
798 1636 878 1687 iuiaae,

78 1704 144 1747 quem
154 1692 226 1733 tradit
236 1689 302 1733 Corn.
312 1689 392 1746 Nepoa
402 1697 502 1735 uerutum
512 1693 537 1735 in
546 1690 637 1734 ltaliam
647 1692 804 1742 Demaratum,
819 1692 879 1734 Tar·

78 1748 150 1801 quinii
160 1748 243 1798 Priaoi,
252 1747 348 1789 Romani
357 1749 428 1800 regia,
439 1753 534 1803 patrem,
544 1747 669 1800 fugientem
680 1746 810 1790 acorintiro
820 1748 878 1790 iniu-

77 1804 125 1846 riaa
136 1801 230 1858 Gypaeii
240 1805 338 1854 tyranni,
349 1817 402 1844 mox
413 1804 549 1846 (iocabimur.
578 1803 639 1846 Plin.
649 1806 683 1852 35,
693 1807 714 1844 3.
726 1804 768 1857 (4.)

120 1859 221 1901 Primum
236 1859 321 1901 Romae
335 1860 435 1914 parietes
450 1863 527 1901 oruata
541 1859 658 1901 marmoria
672 1859 789 1911 operuiaae
808 1859 879 1900 totiua

78 1914 159 1958 domna
173 1927 227 1957 auae
241 1914 265 1956 in
276 1913 354 1957 Coelio
369 1920 444 1956 monte
454 1913 521 1956 Corn.
530 1912 611 1968 Nepos
625 1913 720 1955 tradidit
734 1913 878 1963 Mamurram,

76 1968 96 2013 11
99 1971 176 2013 ormiia
186 1974 270 2020 natum,
280 1971 377 2026 equitem
388 1970 523 2018 Romanum,
533 1969 674 2024 praefectum
684 1968 773 2012 fabrum
784 1968 809 2011 G.
821 1968 878 2011 Cae·

77 2027 136 2071 atria
146 2027 171 2069 in
181 2025 301 2068 (1111111-
310 2049 339 2058 -
348 2024 450 2080 Namque
460 2025 545 2067 adiecit
553 2025 613 2066 idem
623 2023 714 2080 Nepos,
724 2039 774 2068 eum
782 2027 879 2082 primum

77 2084 134 2125 tatia
144 2082 239 2124 aedibua
250 2079 389 2131 audiamini
398 2095 410 2124 e
420 2079 669 2131 marmore,coiumnam
680 2080 793 2132 habaina,
802 2095 878 2124 omnea

76 2136 166 2183 rodam
176 2151 189 2181 e
200 2137 305 2191 Caryatio
315 2142 354 2179 aut
364 2137 470 2180 Lunenai.
499 2136 560 2181 Ptin.
570 2139 605 2186 36,
617 2139 637 2180 6.
649 2137 691 2193 (1,)

120 2194 192 2238 Aedia
206 2195 286 2236 Martia
300 2198 336 2236 eat
345 2194 368 2235 in
382 2195 441 2236 oireo
454 2191 565 2235 Flaminio
580 2192 728 2237 architectata
743 2193 770 2236 ab
785 2194 874 2236 Hermo-

77 2251 134 2293 doro
145 2248 278 2293 Salaminio.
307 2248 378 2293 Prisc.
388 2247 429 2291 lib.
440 2252 460 2292 8.
472 2248 574 2293 11111112.

118 2303 175 2349 Non
188 2304 285 2361 amplior
298 2309 334 2347 ter
347 2306 426 2348 bibere
437 2305 560 2358 dugnmum
571 2303 662 2348 aolitum
677 2318 746 2360 anper
755 2317 845 2347 coenam
855 2305 879 2347 in

76 2362 160 2407 eastria
170 2363 230 2417 apud
241 2363 356 2410 Mutinam,
367 2360 434 2403 Corn.
444 2359 523 2416 Nepoa
533 2361 611 2405 tradit.
641 2359 705 2404 Suet.
715 2361 772 2412 Aug.
783 2373 801 2401 a.
812 2361 846 2401 ii.

117 2417 148 2461 In
157 2421 261 2460 extrema
270 2418 400 2460 Britanniae
410 2425 476 2472 parte
487 2417 591 2467 Memma,
601 2430 666 2472 qnam
673 2415 791 2458 Corneliae
801 2416 877 2463 etiam,

77 2471 201 2517 Annalium
211 2474 319 2528 aeriptor,
337 2477 415 2516 narrat
428 2470 528 2516 metaliia
542 2472 646 2528 plurimia
662 2472 787 2526 copiosam,
803 2470 879 2513 herbia

77 2531 222 2587 frequentem
233 2533 256 2572 et
266 2529 301 2571 1111
311 2529 446 2571 feraciorem
456 2529 564 2578 omnibua,
571 2542 627 2582 quae
637 2539 719 2581 peoora
727 2526 806 2579 magia,
813 2539 878 2623 quam

78 2587 181 2630 hominea
191 2585 261 2628 alant.
290 2583 346 2626 Lati
356 2597 408 2627 vero
418 2597 460 2639 per
470 2598 518 2626 eam
528 2583 600 2627 multa
610 2597 674 2636 quiam
684 2583 785 2625 maxima
795 2595 819 2624 ra
830 2583 878 2624 aii-

78 2641 238 2698 quatiamine,
255 2654 352 2694 gemmea
368 2640 544 2694 margaritaaqne
559 2639 680 2682 volventia.
712 2636 840 2681 domandas
851 2637 878 2680 de

79 2701 126 2743 aab.
138 2697 229 2743 Gothia.
240 2713 259 2742 a.
269 2702 290 2740 2.
302 2695 341 2741 Cf.
350 2697 378 2739 ad
390 2697 410 2738 h.
421 2695 437 2736 l.
448 2695 533 2740 Tzaoh.
543 2697 579 2739 eti.
590 2710 613 2751 p.
624 2697 672 2736 226.
