1896 3292
10 35 904 199 m

156 424 271 484 xvm.
291 424 489 486 EUMENES.
509 428 593 486 CAP.
613 429 680 488 Vll.
700 431 782 489 VIII.
838 434 872 490 85

64 550 130 591 rum
142 534 356 605 oblivisceretur,
373 546 400 594 et
416 539 444 594 in
462 539 595 594 nemiuem
614 540 746 596 acerbiore
756 548 872 598 uteretur

64 610 190 683 Imperio.
229 617 256 668 3.
275 614 376 669 ilerum
388 613 456 669 nihrl
473 631 502 670 ea
520 613 589 670 lecit.
628 616 695 670 Nam
709 625 735 671 et
747 616 774 672 in
787 618 872 674 blaco-

63 685 176 743 doniam
189 687 302 760 prolecta
314 696 362 755 est,
376 700 403 745 et
415 690 453 744 ibi
465 689 647 745 crudeliseIme
657 708 687 745 se
698 693 789 766 gessit.
824 694 872 750 Pe·

65 763 108 817 tiit
120 771 209 818 autem
223 764 258 819 ab
269 765 390 821 Eumene
403 764 523 832 absente,
542 782 576 821 ne
591 776 736 838 pateretur,
755 765 871 841 Philippi

63 836 165 893 domam
175 847 202 894 et
212 838 328 896 lamiliae
340 840 538 896 inimicissimos
550 841 658 915 stirpem
671 859 778 916 quoque
790 843 871 899 inter·

64 911 164 979 inere,
187 913 318 988 ferretque
338 932 416 989 opem
438 916 528 971 liberis
544 916 698 975 Alexandri.
737 921 764 974 l.
784 918 871 985 Quam

66 988 173 1045 veniam
185 989 210 1045 ei
222 991 274 1046 sibi
288 992 375 1056 daret,
389 1009 472 1064 quam
485 993 603 1065 primum
615 994 745 1049 exercitus
757 1003 867 1066 pararet,

62 1080 136 1137 quoe
146 1065 201 1121 sibi
213 1066 334 1122 subsidIo
345 1066 494 1123 adduceret.
532 1068 563 1123 ld
575 1086 629 1141 quo
645 1068 749 1125 lucilius
766 1069 867 1137 laceret,

63 1156 94 1195 ae
106 1141 234 1213 omuibus
245 1141 390 1214 praesectis,
402 1142 451 1216 qui
462 1143 492 1198 in
503 1142 590 1199 officio
602 1146 753 1212 manebant,
766 1147 871 1202 nilslsse

64 1213 175 1282 litteras,
189 1217 255 1272 utel
268 1226 397 1290 parerent,
411 1219 523 1291 eiusque
532 1219 651 1275 consilis
663 1228 808 1277 uterentur.
840 1225 868 1277 5.

63 1290 113 1347 Illa
124 1292 207 1347 rebus
218 1293 352 1349 Eumenes
363 1304 498 1366 permotus
510 1296 593 1352 satius
605 1295 692 1361 duxit,
708 1297 732 1351 si
745 1297 780 1351 ita
793 1295 870 1352 tulis·

63 1374 105 1423 eet
124 1368 244 1433 fortuna,
267 1369 353 1440 perire
368 1369 436 1426 bene
452 1371 554 1426 meritIs
570 1369 724 1426 referentem
744 1373 866 1446 gratiam,

62 1460 149 1519 quarn
161 1443 296 1518 ingratum
308 1444 407 1500 vivere.

119 1520 178 1578 v11.
198 1521 289 1592 ltaque
301 1520 391 1591 copias
402 1519 545 1584 contraxit,
560 1518 661 1574 bellum
674 1519 801 1574 adversus
815 1519 869 1575 An-

64 1597 85 1651 ti
141 1612 190 1651 um
200 1595 372 1667 comparavit.
396 1592 474 1661 Quod
485 1611 540 1648 una
551 1594 787 1649 erantltlacedones
797 1612 869 1649 com·

65 1686 159 1742 purae
172 1669 289 1735 nobiles,
307 1670 337 1725 in
353 1670 397 1725 bia
414 1671 563 1735 Peucestes,
584 1669 633 1741 qui
649 1670 765 1742 corporis
782 1679 869 1725 custos

64 1744 154 1801 lucrat
166 1743 324 1812 Alexandri,
349 1752 407 1801 turn
424 1753 512 1802 autem
528 1744 663 1800 obtinebat
678 1744 824 1810 Persidem,
843 1753 870 1801 et

62 1820 223 1897 AutIgeuee,
245 1821 324 1876 cuiue
341 1821 393 1876 sub
412 1821 524 1893 Imperio
542 1819 660 1894 phalanx
678 1828 733 1876 erat
750 1820 870 1877 Maccdo-

61 1914 147 1954 num:
167 1895 298 1953 invidiam
310 1913 413 1962 verens,
425 1896 517 1969 (quam
530 1904 618 1952 tamma
631 1896 744 1971 eiiugere
757 1914 809 1952 nou
821 1914 870 1968 po-

60 1973 133 2047 tuit),
144 1972 169 2028 si
180 1972 270 2044 potius
283 1971 340 2043 ipse
351 1971 498 2046 alienigena
507 1972 607 2026 summi
618 1972 720 2044 Imperii
731 1973 867 2042 potiretur,

61 2064 149 2122 quam
161 2046 207 2102 alii
219 2047 401 2113 Macedonum,
415 2063 532 2120 quorum
544 2047 582 2101 ibi
595 2055 650 2101 erat
661 2046 814 2111 multitudo,
839 2049 867 2104 il.

60 2126 93 2179 iu
110 2122 249 2195 principiis
266 2123 374 2179 nornine
389 2121 533 2178 Alexandri
549 2121 749 2177 tabernaculum
766 2121 866 2188 statuit,

61 2199 94 2254 in
105 2214 192 2271 ecqua
203 2196 297 2253 sellum
308 2214 416 2254 auream
428 2213 490 2253 cum
503 2204 605 2269 sceptro
616 2212 648 2251 ac
658 2196 804 2254 diademate
814 2197 869 2253 ius·

60 2273 100 2329 sit
116 2273 195 2345 poni,
212 2290 296 2346 eoque
312 2291 404 2329 omnes
420 2272 540 2346 quotidie
556 2272 710 2338 convenire,
733 2281 765 2329 ut
781 2273 819 2328 ibi
836 2273 869 2327 de

59 2348 180 2405 summis
192 2349 273 2405 rebus
285 2349 394 2405 masilia
405 2358 572 2421 caperentur3
593 2347 711 2415 credens,
726 2350 828 2404 miuore
840 2365 869 2402 se

60 2422 168 2480 invidia
179 2423 248 2491 iore,
267 2424 291 2479 si
303 2427 390 2496 specie
401 2423 506 2496 imperii
520 2423 689 2497 nominisque
701 2424 869 2480 sImulotione

60 2497 209 2556 Alexandri
221 2497 322 2555 bellum
334 2500 468 2556 videretur
479 2498 671 2555 administrare.
705 2499 782 2566 Quod
794 2508 820 2552 et
831 2497 869 2552 le-

60 2575 110 2630 cit.
143 2578 170 2630 3.
189 2576 258 2630 Nam
271 2592 357 2648 quum
369 2593 423 2632 non
436 2574 470 2631 ad
481 2576 610 2630 Eumenis
621 2575 761 2648 principia,
775 2571 822 2627 scd
835 2571 869 2628 ad

60 2649 138 2724 regia
154 2650 352 2718 conveniretur,
374 2659 454 2724 atque
470 2651 508 2706 ibi
524 2651 558 2706 de
573 2652 653 2706 rebus
670 2649 866 2714 deliberaretur,

60 2724 262 2799 quodammodo
274 2725 378 2794 latebat,
390 2744 476 2800 quum
488 2733 577 2783 tamen
590 2744 639 2800 per
648 2742 712 2781 eum
724 2740 810 2779 unum
822 2740 869 2799 gc·

60 2808 184 2857 rerentur
195 2802 295 2858 omnia.

120 2876 189 2932 v111.
209 2878 259 2932 llic
270 2878 298 2934 in
309 2877 453 2933 Paraetacis
463 2895 525 2934 marn
535 2876 667 2950 Antigono
676 2871 803 2941 conflixit,
815 2891 868 2932 non

62 2952 121 3010 acle
133 2952 274 3020 instruc-te,
293 2952 381 3010 sedin
394 2953 500 3010 itincre:
520 2968 637 3026 eumque
648 2949 718 3008 mala
733 2960 873 3024 accentum
