1906 3066
110 200 144 260 ii
326 200 377 256 lX.
397 198 543 258 CONON.
562 198 646 256 cla.
663 198 686 255 l.

108 313 134 369 ei
142 308 292 387 Mytilenaei
301 308 385 366 multa
393 308 477 364 millia
486 310 608 386 iugerum
618 310 675 383 egri
685 324 794 363 munera
803 308 904 375 darent,
935 302 948 375 l¹

110 387 209 452 Nolite,
222 402 335 450 crocos,
350 384 449 456 inquit,
466 387 567 439 inmiti
578 388 655 448 dore,
671 386 740 454 qaod
750 387 905 440 mltttraot·

109 467 199 526 mort,
211 464 303 530 plores
313 464 391 514 etiam
406 463 595 528 concupiscant.
636 458 766 524 warren
779 462 906 514 moneto

109 540 234 606 amplios,
249 552 327 605 quom
341 539 553 604 contamiupern,
568 542 761 603 paneetaroom
767 538 905 589 ammos-

110 615 234 681 paltotrm
246 618 272 663 et
284 617 395 664 vestram
409 612 566 664 oolamtem
578 612 699 663 moeret
736 608 808 662 Nam
824 624 904 680 perra

110 700 221 741 munera
233 682 348 748 diutina,
364 681 500 754 locupletia
514 698 566 738 non
580 682 684 753 proprie
696 698 754 736 esse
762 698 904 738 consuere⁶

110 766 182 814 runt.
220 761 247 812 3.
267 756 314 812 llle
324 757 405 830 igitur
413 774 507 813 corona
521 764 656 812 contentus
665 756 904 831 Thrasybulusne·

110 850 163 905 que
181 830 295 903 emplius
313 831 464 903 requisivit,
483 848 569 904 neque
585 848 747 904 quemquam
765 831 867 888 honore
877 844 907 887 st·

109 906 277 962 antecessisse
299 906 469 962 existimavit.
513 908 539 961 l.
568 906 617 960 llic
636 905 756 978 sequenti
779 910 931 978 tempom‘

110 996 195 1053 quum
212 988 313 1052 praetor
331 979 441 1035 classem
459 979 494 1035 ed
507 979 626 1036 Ciliciam
641 980 800 1053 appulisset,
820 994 905 1053 nequo

110 1056 172 1110 setis
181 1055 319 1130 diligenter
328 1055 355 1109 in
365 1055 456 1110 castris
465 1055 522 1110 eius
532 1062 670 1129 agerentur
684 1053 805 1128 uigiliae,
820 1054 904 1110 eber·

110 1130 195 1259 lauriss,
211 1148 245 1186 ex
259 1129 356 1201 oppido
369 1136 446 1185 noctu
460 1130 596 1203 eruptione
604 1129 683 1195 iacta,
699 1128 904 1185 in'tabernnonlo

110 1206 177 1260 inter
185 1213 259 1261 eotars
268 1212 317 1260 eet.

109 1335 904 1375 mmmmm

472 1444 540 1501 IX.

353 1546 663 1609 CONON.

449 1682 519 1741 Cae.
539 1687 561 1742 l.

165 1787 283 1866 Conon,
303 1798 522 1868 Aeserninus,
543 1800 728 1873 Peloponnesio
737 1798 906 1857 hellonooee·
946 1832 948 1857 ι

108 1876 144 1930 sit
159 1874 193 1930 nd
206 1875 409 1947 rempublicam,
430 1876 459 1932 in
473 1892 557 1949 eoque
568 1876 626 1931 eius
639 1892 716 1948 opera
733 1875 825 1950 magni
845 1875 902 1932 fuit.

109 1952 177 2007 Nam
187 1957 212 2005 et
221 1957 321 2022 praetor
330 1951 494 2023 pedestribus
503 1951 659 2007 exercitibus
668 1950 788 2024 praefuit,
798 1957 823 2006 et
831 1968 906 2023 prae·

110 2024 191 2079 leotus
200 2024 291 2080 classis
301 2043 342 2080 res
356 2042 467 2100 magnas
481 2027 549 2082 meri
561 2026 650 2100 gessit.
689 2025 805 2093 Quesob
812 2040 905 2082 carum

109 2099 266 2172 praecipuus
283 2101 308 2155 ei
325 2100 409 2156 honos
427 2101 534 2156 habitus
552 2109 600 2157 est.
638 2101 759 2174 Namque
778 2102 907 2157 omnihus

110 2190 181 2229 unus
190 2173 286 2229 insulis
296 2174 419 2246 praefuit:
436 2176 465 2231 in
475 2190 529 2250 qun
538 2182 659 2249 mtestate
668 2176 764 2230 Pheres
773 2176 851 2248 cepit
863 2190 906 2231 oo

110 2247 208 2305 leniam
217 2249 491 2307 lacedaemoniorum.
529 2254 556 2308 2.
576 2251 637 2305 Fuit
645 2250 723 2305 etiem
732 2258 851 2307 exuemo
858 2252 906 2306 Po·

110 2324 260 2397 loponnesio
274 2323 342 2379 bello
356 2333 471 2396 praetor,
485 2343 570 2397 quum
580 2324 651 2397 apud
660 2324 744 2399 Aegos
753 2324 906 2382 llumeuoo·

109 2397 546 2474 piaeltheniensinmaLysendro
554 2399 749 2456 suntdeviotae.
786 2400 905 2457 Sedtum

109 2472 206 2541 oblinit,
221 2490 304 2546 eoque
316 2473 392 2545 peius
406 2492 447 2530 res
456 2474 635 2530 administrata
644 2482 692 2530 est.
729 2476 798 2531 Nam
807 2483 906 2548 etprn·

110 2548 175 2604 dens
185 2548 222 2604 rei
235 2547 370 2614 militonis,
386 2556 411 2604 et
425 2549 537 2623 diligens
549 2556 603 2604 eret
616 2548 728 2622 imperii.
768 2554 794 2606 3.
816 2552 907 2624 ltaque

110 2623 210 2678 nemini
219 2631 274 2679 erat
282 2623 325 2679 his
334 2624 496 2696 temporibus
505 2620 631 2691 dubium,
647 2623 819 2691 sladiuisset,
831 2625 906 2682 illam

110 2696 281 2754 Athenienses
290 2697 783 2774 mamistam-coepturosmntnine.
