1896 3292
110 175 142 227 76
245 172 342 230 xvn.
361 168 593 227 AGESILAUS.
613 168 697 226 CAP.
716 170 768 228 IV.

109 296 200 334 omnes
213 297 276 335 suas
288 278 376 351 eripias
388 295 419 332 eo
430 283 601 333 contraxerat.
639 281 667 334 2.
685 277 720 333 Aa
728 277 905 351 Agesilausin

109 354 292 440 Phrygiarum
300 352 440 416 eosvenit,
455 368 567 422 eamque
580 349 656 422 prius
668 351 848 424 depopulatus
860 364 903 419 est,

108 426 907 572 iffidiiiissiissiffi'dii‘fissnffiffi

109 584 167 630 tum
185 575 304 639 retinxit,
329 582 408 646 atqua
425 572 464 628 ibi
481 571 595 627 officinis
614 590 749 629 umorum
768 575 904 641 institutis,

108 666 205 722 magna
215 648 344 703 industria
353 646 454 703 bellum
463 646 620 717 adparavit.¹
646 648 680 702 Et
693 665 750 719 quo
762 649 906 705 studiosius

108 730 272 778 armarentur
286 721 473 794 insigniusque
489 727 657 785 eromentur,
677 722 796 807 praemia
815 740 906 809 propo·

107 796 175 861 suit,
186 796 287 866 quibus
297 794 468 859 donarentur,
484 811 600 866 quorum
609 796 714 868 egregia
723 814 752 851 ur
762 813 793 852 es
805 796 906 853 refou-

107 868 294 924 setindustria.
333 871 360 924 3.
379 867 796 925 Feeitideminexeraitatiouum
887 871 893 884 '

108 943 173 1008 bus,
189 950 232 1008 ut,
248 942 396 1015 quioeteris
406 940 606 1013 praestitissent,
622 959 667 999 eos
679 944 787 1016 magnis

107 1017 274 1071 muneribus.
293 1016 340 1071 His
350 1015 432 1088 igitur
441 1015 521 1071 rebus
530 1015 622 1080 effecit,
634 1018 904 1075 utetoruatissimrm

106 1089 386 1147 stereroitatissimum
395 1089 664 1145 haberetexeroitum.
696 1093 724 1146 i.
743 1093 904 1166 Huioquum

106 1173 211 1234 tempus
225 1171 293 1219 esset
307 1163 409 1229 visum,
424 1163 513 1234 oopias
524 1164 661 1219 extrahere
667 1182 701 1220 ex
713 1165 902 1233 hibemaoulis,

106 1239 186 1304 vidit,
202 1239 240 1303 si,
255 1255 310 1311 quo
319 1244 387 1292 esoet
395 1237 444 1293 iter
452 1236 583 1303 factunm,
598 1237 685 1310 polam
699 1242 902 1310 pronuntinsset,

106 1313 193 1367 hostes
206 1329 260 1367 uon
273 1311 430 1376 credituros,
446 1310 481 1366 ali
549 1329 564 1366 e
577 1312 698 1386 regiones
710 1314 854 1384 praesidiis
864 1330 904 1371 oo-

105 1393 254 1458 cupaturos,
266 1403 315 1441 neo
324 1328 582 1450 dubiumrosffiud
590 1403 648 1441 esse
656 1385 801 1455 faotunrm,
811 1406 903 1462 aopro·

105 1460 262 1515 nuntiasset.
300 1462 327 1514 ὅ.
346 1460 437 1531 Itaque
450 1477 536 1531 quum
550 1458 594 1514 ille
607 1459 697 1515 Sardis
711 1461 816 1518 iturum
829 1464 904 1520 sedi·

106 1535 201 1599 risset,
212 1532 400 1603 Tissaphernes
409 1531 529 1587 eamdem
538 1532 642 1589 Cariam
654 1533 848 1593 defendendam
855 1554 904 1611 pu·

105 1610 180 1661 tavit.
219 1607 250 1661 In
259 1622 314 1677 quo
323 1623 408 1677 quum
419 1622 481 1660 eum
489 1606 579 1678 opinio
589 1606 733 1675 fefellisset,
749 1610 904 1684 viotumque

104 1697 134 1734 se
147 1678 257 1736 vidisset
269 1678 392 1748 oonsilio,
413 1696 472 1735 sero
484 1680 542 1737 suis
557 1682 688 1754 praesidio
704 1682 839 1756 proieotus
855 1694 903 1741 est.
932 1696 939 1705 ·

104 1755 173 1809 Nam
186 1770 273 1825 quum
286 1751 332 1809 illo
346 1752 474 1820 venisset,
493 1754 548 1810 iem
560 1756 712 1829 Agesilaus,
734 1758 830 1815 multis
843 1758 903 1817 loeis

104 1827 276 1900 expugnatis,
298 1845 394 1901 magna
407 1836 462 1883 erat
474 1828 571 1900 praeda
584 1831 693 1901 potitus.
731 1836 758 1886 6.
777 1834 849 1891 Laoo
858 1851 904 1889 su·

104 1911 166 1967 tem,
173 1919 259 1973 quum
268 1901 376 1968 vidum,
387 1902 475 1958 hostes
483 1903 601 1975 equitatu
610 1922 742 1975 superare,
753 1924 902 1981 numquam

103 1976 111 2029 i
115 1994 132 2030 n
142 1993 235 2047 eampo
249 1975 292 2030 sui
304 1975 366 2031 feeit
377 1982 544 2048 potestatem,
559 1978 637 2033 ethis
646 1978 710 2033 loeis
719 1997 834 2037 manum
843 1999 902 2037 aon·

102 2049 198 2115 seruit,
214 2050 314 2122 quihus
323 2049 385 2122 plus
393 2050 526 2122 pedestres
534 2052 623 2123 oopiae
636 2051 761 2109 valerent.
801 2055 902 2128 Papulit

103 2140 174 2197 ergo,
186 2124 404 2198 quotiescumque
412 2141 569 2198 congressus
578 2134 631 2192 est,
641 2126 725 2184 multo
734 2128 850 2185 maiores
858 2129 902 2185 sd-

102 2198 280 2253 versariorum
292 2198 394 2270 oopias,
409 2206 435 2254 et
443 2199 483 2255 sio
491 2200 519 2255 in
528 2199 590 2255 Asia
602 2208 719 2257 versatus
731 2210 786 2268 est,
803 2210 835 2260 ut
847 2220 902 2261 om·

102 2270 559 2345 uiumopinionoviotorduoeretur.

158 2347 202 2402 [V.
223 2347 271 2401 Hic
284 2364 370 2418 quum
385 2347 438 2401 iam
452 2348 540 2401 animo
554 2346 901 2420 meditareturprofioisoiiu
947 2376 948 2383 ¹

102 2421 208 2485 Persas,
223 2428 249 2475 et
258 2421 347 2492 ipsum
357 2438 446 2495 regem
455 2420 565 2487 adoriri,
581 2422 691 2478 nuntius
704 2422 730 2477 ei
741 2422 902 2481 domaveuit

102 2494 260 2565 ephororum
271 2496 359 2560 iussu,
375 2493 476 2550 bellum
485 2495 657 2551 Aduenienses
670 2502 696 2550 et
704 2496 824 2553 Boeotios
833 2496 902 2555 iudi-

102 2568 174 2623 xisse
183 2567 409 2625 Lacedaemoniis:
420 2586 503 2640 quare
512 2570 601 2625 venire
610 2587 644 2625 ne
653 2568 794 2626 dubitaret.
825 2576 853 2630 2.
872 2572 901 2627 io

102 2640 153 2697 hoo
161 2659 214 2698 non
224 2641 315 2699 minus
324 2642 383 2700 eius
391 2642 473 2715 pietas
483 2643 650 2716 suspicienda
658 2649 711 2711 est,
721 2662 806 2719 quam
819 2645 902 2705 virus
