1896 3292
75 171 107 224 ll
199 169 237 222 ll.
257 164 565 222 THEMISTOCLES.
586 163 670 221 chr.
690 164 744 219 lX.

75 276 157 331 liliam
171 276 228 330 eius
245 275 383 347 parvulam
399 275 522 346 arripuit,
543 283 643 329 etcum
657 292 730 329 ease
744 276 773 329 in
791 292 880 330 sacra-

74 351 235 423 rium‚qucd
244 369 349 406 summa
359 350 491 405 colebatur
501 349 793 415 caerimonia‚ccniecit.
815 351 882 406 Inde

74 445 128 482 ncn
140 426 216 498 priua
230 443 351 500 egressus
365 432 417 490 est,
437 443 519 497 quam
533 442 579 481 rex
592 443 655 480 eum
669 424 729 480 data
743 424 837 481 dextra
850 427 880 482 in

75 501 155 558 fidem
168 501 302 573 reciperet.
340 503 367 557 ὅ.
387 500 473 567 Quam
487 501 623 573 praestitit.
661 501 730 556 Nam
743 517 833 573 quum
844 502 881 558 ab

74 576 281 633 Atheniensibus
294 583 320 631 et
331 575 544 631 Lacedaemoniis
558 584 741 649 exposceretur
759 576 878 648 publice,

75 650 878 799 lllltddtllttsstllthttttltttll

76 802 138 859 sari.
177 803 268 874 ltaque
277 802 397 876 Pydnam
407 819 469 858 eum
479 802 573 857 deduci
584 802 676 867 iussit,
685 810 721 868 et,
732 802 807 874 quod
815 802 880 858 sads

75 884 144 933 esset
151 875 285 950 praesidii,
297 877 378 932 dedit.
417 881 444 934 6.
464 878 512 932 llic
523 880 551 932 in
562 895 657 933 navem
666 878 795 933 omnihus
803 878 881 953 ignc-

76 964 120 1009 tus
129 949 238 1028 [nautia]
249 951 393 1008 adscendit.
423 953 496 1020 Quae
505 971 590 1026 quum
600 961 752 1025 tempestate
761 954 879 1009 maxima

76 1029 183 1085 Naxum
193 1026 315 1094 serretur,
332 1029 378 1083 ubi
388 1036 445 1083 tum
458 1028 659 1084 Atheniensium
667 1036 723 1083 erat
732 1028 877 1087 exercitum:

77 1104 159 1159 sensit
168 1101 367 1168 Themistocles,
379 1103 401 1157 si
410 1121 442 1158 ec
451 1105 625 1176 pervenisset,
636 1103 689 1158 sihi
699 1121 757 1158 csse
765 1121 881 1176 pereun-
924 1070 926 1151 i

77 1179 153 1234 dum.
191 1179 404 1235 llacnecessitate
413 1187 530 1244 coactus,
545 1178 653 1234 dominc
662 1178 754 1243 navis,
771 1180 822 1253 qui
835 1180 878 1245 sit,

78 1255 173 1328 aperit,
187 1253 271 1312 multa
280 1255 420 1327 pollicens,
435 1255 693 1311 siseccnservasset.
732 1257 759 1309 7.
780 1254 877 1320 atille,

77 1329 218 1388 clarissimi
236 1330 288 1387 viri
306 1339 397 1403 captus
416 1329 608 1395 misericordia,
633 1329 705 1384 diem
723 1337 880 1404 noctemque

78 1406 169 1478 procul
178 1407 212 1462 ab
222 1405 310 1461 insula
319 1406 347 1460 in
356 1404 413 1460 salo
422 1422 517 1460 navam
527 1405 610 1460 tenuit
623 1405 651 1459 in
661 1406 777 1471 ancoris,
793 1422 880 1479 neque

77 1481 508 1555 quemquamexeaexirepassus
517 1490 566 1536 est.
600 1478 665 1535 lude
673 1480 813 1552 Ephesum
821 1498 881 1554 per-

78 1557 159 1621 venit,
171 1556 262 1627 ibique
271 1555 471 1609 Themistoclem
480 1556 600 1628 exponit:
611 1555 655 1610 cui
667 1555 712 1610 ille
720 1573 769 1628 pro
778 1556 880 1612 meritis

78 1637 166 1703 postea
175 1630 287 1704 gratiam
297 1629 395 1685 retulit.

133 1706 184 1760 IX.
203 1704 275 1771 Scio,
295 1704 435 1778 plerosque
452 1705 488 1761 ita
506 1705 657 1778 scripsisse,
678 1705 880 1762 Themistoclem

79 1780 168 1836 Xerxe
186 1788 311 1855 regnante
325 1780 353 1836 in
368 1779 459 1836 Asiam
473 1781 608 1836 transisse.
645 1780 698 1836 Sed
711 1798 761 1855 ego
773 1783 882 1853 potissi-

79 1873 156 1911 mum
166 1855 315 1931 Thucydidi
325 1855 415 1921 credo,
426 1856 499 1930 quod
509 1865 589 1911 aetate
598 1857 738 1928 proximus
746 1864 816 1924 erat,
832 1856 880 1931 qui

79 1930 186 1988 illorum
199 1937 348 2003 temporum
364 1931 500 1987 historiam
520 1931 696 2004 reliquerunt,
721 1938 747 1986 ct
760 1931 880 1988 eiusdem

79 2005 192 2062 civitatis
201 2005 261 2061 luit.
282 2008 308 2061 ls
321 2007 464 2073 cotemnit,
475 2006 756 2062 adArtaxerxemeum
764 2008 879 2073 venisse,

79 2088 159 2154 atquc
176 2081 220 2136 his
239 2082 328 2136 verbis
346 2082 482 2154 epistolam
502 2082 620 2138 misisse:
653 2085 680 2138 2.
703 2084 882 2140 Themistoclea

78 2161 138 2212 ceci
149 2160 187 2212 cd
199 2165 236 2222 to,
249 2163 295 2227 qui
305 2161 422 2226 plurimu
435 2161 506 2214 mclc
520 2164 633 2223 omnium
644 2158 787 2214 Graiorum
796 2162 827 2214 tn
834 2163 882 2214 dc·

78 2249 149 2287 mum
158 2241 230 2287 tucm
238 2236 329 2297 intuli,
344 2252 423 2303 quum
431 2236 494 2288 milti
503 2251 604 2288 neccsse
616 2238 681 2303 scit,
693 2236 882 2304 accmmpc·

80 2317 145 2363 trem
154 2316 227 2362 tcum
236 2310 340 2372 bellare,
349 2312 755 2379 patticchemecmdefecdcro.
775 2311 800 2363 a.
812 2309 882 2365 luem

78 2386 160 2439 inulto
170 2386 253 2452 plura
264 2386 332 2438 borio
344 2389 407 2453 (cet,
426 2393 563 2454 postquam
572 2388 601 2439 in
610 2393 666 2438 tcto
674 2388 742 2452 lpas,
762 2392 788 2438 ot
800 2387 884 2439 illato

75 2462 258 2527 pericclceeac
271 2465 361 2527 coepit.
389 2458 683 2529 Nachcmindaicm
691 2462 882 2523 reverticcliat,

75 2537 178 2602 proelio
186 2538 258 2602 apud
267 2532 405 2589 Salamiric
413 2539 497 2606 (acto,
513 2537 597 2589 literis
610 2551 668 2588 eam
677 2538 815 2589 certiorem
822 2539 883 2606 leci,

79 2612 108 2663 ld
116 2614 175 2678 cci,
185 2618 215 2663 ct
222 2625 302 2678 pona,
314 2626 388 2677 quem
396 2614 425 2664 io
434 2610 596 2677 Hellesponto
605 2615 715 2680 fecorat,
728 2612 885 2666 dissolvere·

78 2692 131 2748 ων,
137 2687 383 2754 atqticchlicatibus
392 2689 588 2741 circumiretur:
598 2702 649 2756 quc
657 2688 748 2741 cantic
758 2687 803 2740 illo
809 2690 885 2756 pert-
