1896 3292
522 302 527 315 Ι

183 436 248 493 v11.
268 433 512 492 ALCIBIADES.
533 433 616 492 CAP.
636 435 749 491 11.111.
828 438 863 495 27

62 545 258 604 comesenim
272 545 340 599 inter
353 560 457 608 omnes,
501 543 520 597 ri
534 543 567 598 de
580 560 611 598 eo
623 560 764 598 memoriae
774 545 864 616 prodi·

63 622 171 685 derunt,
184 618 252 674 nihil
266 618 312 674 illo
320 617 401 674 fuisse
409 560 587 684 exoeffentius,
599 617 640 672 vei
649 619 677 672 iu
691 619 771 682 vitris,
784 618 862 676 velia

63 695 223 751 virtutibus.
260 697 287 752 2.
306 695 389 749 Natus
403 694 431 749 in
444 692 609 764 amplissime
620 694 738 758 civitate,
759 710 864 750 summo

63 786 175 846 genere,
191 769 312 824 omnium
326 769 414 823 aetatis
423 786 487 824 sune
499 767 582 823 multo
594 766 815 834 formosissimus,
831 769 864 823 ad

63 862 159 900 omnes
168 861 210 899 res
219 853 308 916 aptus,
319 843 476 916 oonsiliique
486 842 594 915 plenus:
616 841 742 919 [namque
752 845 864 915 impera·

64 930 106 975 tor
115 918 167 974 fuit
175 936 297 974 summus
306 925 332 974 et
340 919 408 974 meri
421 925 447 973 et
456 927 522 973 terra
528 915 547 993 ς]
567 917 688 983 disertas,
702 927 731 973 ut
740 918 863 990 inprimis

64 993 374 1067 dieendovaleret‚quod
384 993 864 1067 tantaeratoommendatioorisatque

64 1068 204 1134 orationis,
219 1077 250 1124 ut
265 1087 342 1124 nemo
356 1068 381 1124 ei
393 1068 503 1125 dioendo
516 1076 601 1140 posset
613 1070 745 1138 resistere
775 1073 801 1124 3.
822 1068 864 1124 di-

64 1160 127 1213 ves3
149 1161 234 1216 quum
245 1151 349 1216 tempus
358 1151 487 1216 posoeret‚
504 1143 662 1209 laboriosus,
673 1144 787 1216 patiens,
798 1142 864 1199 iibe-

65 1217 144 1285 ralis,
159 1218 314 1290 splendidus
324 1236 377 1274 non
387 1219 477 1274 minus
487 1219 515 1273 in
525 1219 591 1284 rita,
603 1236 686 1291 quam
696 1219 780 1288 vietu3
801 1218 864 1274 effe-

64 1293 138 1359 biiis,
150 1293 279 1359 blandus,
290 1294 453 1364 temporibus
463 1291 631 1349 callidissime
640 1294 796 1349 inserviens.
836 1295 862 1348 t.

65 1368 149 1433 Idem,
156 1366 236 1422 simul
246 1384 278 1422 ao
285 1384 314 1421 se
323 1368 465 1431 remiserat,
475 1384 560 1438 neque
570 1384 648 1422 oause
657 1368 771 1433 suberat,
782 1384 865 1440 quare

64 1442 153 1499 animi
171 1442 287 1497 laborem
299 1439 436 1512 perferret,
451 1438 618 1506 luxuriosus,
629 1440 786 1507 dissolutus,
802 1442 864 1497 libi-

63 1518 193 1580 diuosus,
208 1515 386 1586 intemperans
397 1513 585 1586 reperiebatur,
604 1522 634 1570 ut
647 1532 738 1570 omnes
750 1516 865 1572 admire-

64 1597 176 1653 rentur,
197 1589 225 1643 iu
238 1605 293 1644 uno
307 1589 414 1645 homine
430 1595 529 1644 tentam
547 1605 604 1645 esse
621 1589 865 1647 dissimilitudinem

64 1677 178 1735 tamque
187 1663 318 1720 diversam
327 1670 457 1719 naturam.

124 1739 158 1794 Η.
177 1738 310 1794 Educatus
324 1746 363 1794 est
370 1740 399 1795 in
408 1738 486 1795 domo
494 1738 616 1796 Periclis:
635 1738 777 1814 privignus
791 1740 864 1796 euim

63 1815 125 1872 eius
134 1811 216 1869 fuisse
224 1814 332 1884 dieitur3
343 1814 462 1871 eruditus
472 1833 487 1870 e
496 1814 607 1871 Socrate.
636 1815 761 1871 Soeerum
769 1815 864 1873 habuit

64 1889 257 1962 Hipponioum,
273 1889 393 1945 omnium
403 1890 500 1946 Graeca
510 1889 601 1965 lingua
612 1889 778 1963 loquentium
787 1890 864 1947 ditis-

64 1965 182 2029 simum,
196 1972 239 2031 ut,
254 1965 278 2019 si
287 1965 344 2037 ipse
353 1965 452 2040 fingere
460 1964 550 2032 vellet,
565 1982 651 2038 neque
660 1965 737 2037 plura
745 1966 815 2021 bona
822 1982 865 2021 re·

65 2038 187 2105 minisei,
205 2040 397 2111 nequemaiora
406 2047 493 2114 posset
506 2040 645 2113 oonsequi‚
660 2057 742 2112 quam
756 2039 797 2095 vel
811 2038 864 2096 ior·

65 2112 430 2170 tuuavelnaturatribuemt.
452 2117 479 2172 2.
495 2113 865 2172 ineunteadolesoentieame-

64 2198 111 2245 tus
124 2195 165 2243 est
176 2187 298 2257 smaltis
310 2205 383 2244 more
391 2188 564 2246 Greeoorum:
585 2189 614 2244 in
627 2188 666 2244 eis
675 2207 691 2245 e
699 2189 816 2257 Sedete,
831 2191 865 2246 de

65 2280 122 2337 quo
130 2263 289 2319 mentionem
298 2262 359 2318 feeit
368 2261 439 2319 Plato
448 2263 476 2318 in
485 2263 634 2338 Symposio.
671 2265 793 2338 Namque
800 2282 864 2321 eum

65 2339 175 2394 induxit
188 2345 445 2405 oommemorantem‚
465 2355 495 2393 se
506 2347 671 2410 pernoctasse
679 2356 740 2394 eum
750 2339 861 2406 Soerate,

65 2430 155 2487 neque
163 2412 238 2469 aliter
250 2413 284 2469 ab
292 2430 323 2468 eo
332 2412 491 2479 surrexisse,
505 2430 536 2469 ee
544 2413 617 2469 filius
625 2431 641 2469 a
649 2424 755 2487 parente
766 2415 864 2471 debue-

65 2488 112 2543 rit.
151 2491 178 2543 3.
197 2490 368 2560 Posteaquam
382 2488 513 2544 robustior
530 2497 570 2544 est
587 2488 685 2555 faetus,
706 2506 759 2545 non
772 2490 864 2557 minus

65 2561 166 2618 multos
181 2562 291 2628 amavit,
306 2562 333 2618 in
347 2581 462 2636 quorum
475 2581 576 2630 amore,
598 2564 686 2636 quoad
699 2563 801 2619 licitum
813 2569 861 2626 est,

65 2637 157 2693 odiosa
170 2637 253 2692 muita
262 2637 370 2694 deiioate
379 2638 515 2711 iocoseque
523 2637 595 2696 feeit:
616 2657 685 2714 quae
696 2638 862 2702 referremus,

64 2711 120 2768 nisi
130 2713 229 2767 maiora
238 2711 389 2786 potioraque
398 2713 565 2769 haberemus.

121 2788 168 2841 111.
188 2785 259 2840 Bello
273 2787 458 2858 Peloponnesio
471 2788 553 2844 huius
565 2788 674 2845 oonsilio
688 2793 766 2857 atque
775 2792 864 2841 ructo

65 2861 143 2918 ritate
154 2859 327 2916 Athenienses
340 2860 440 2919 bellum
453 2863 625 2936 Syramsenis
642 2859 809 2916 indixerunt:
829 2859 864 2919 ad

65 2936 141 3013 quad
157 2935 304 3012 gerandum
322 2936 379 3010 ipse
390 2937 447 2995 dux
461 2937 576 2995 deleetus
587 2946 643 3008 est,
661 2934 716 2991 duo
733 2941 875 3011 praetem
