1906 3066
173 189 293 248 xxm.
312 188 527 248 HANNIBAL.
547 187 632 247 CAP.
651 184 721 247 XII.
800 192 850 249 409

59 300 169 357 luatur.
207 300 327 369 Quorum
344 301 402 358 vim
418 318 505 376 quum
522 317 569 356 rex
581 300 711 356 sustlnera
723 315 777 356 non
789 317 851 374 pos-

59 383 97 442 at,
116 374 183 450 luga
199 376 313 434 salutem
329 378 418 450 petiit:
438 394 520 450 quam
537 385 693 432 oonseoutus
707 391 759 431 non
772 386 848 442 asset,

59 451 103 509 risi
114 451 187 507 intra
199 470 248 508 sua
259 453 390 526 praesidia
402 470 431 508 se
441 452 588 524 recepisset,
607 469 676 525 quaa
688 452 716 507 iu
729 451 851 524 pmximo

60 526 125 583 itore
136 534 213 583 erant
223 527 355 584 oollooata.
394 531 420 584 ὅ.
441 528 567 600 Reliquae
579 529 754 602 Pergamenae
770 544 851 582 naves

59 619 137 676 puum
149 602 314 660 adversarios
326 613 473 676 premerent
484 605 580 670 aerius,
595 612 701 677 repento
712 603 740 659 in
751 619 794 658 eas
804 621 852 658 va-

59 694 81 735 ιι
92 677 195 745 lletilia,
209 678 242 735 ‹le
254 680 354 753 quibus
366 697 447 752 supra
460 679 620 735 mentionem
633 679 753 745 looImus,
767 678 852 734 conli-

59 752 76 809 a·
92 761 185 826 ooepla
201 762 291 810 sunt·
313 754 387 822 Quae
403 756 469 810 iacta
481 756 558 811 initio
570 756 655 811 risum
668 755 851 831 pugnantibus

59 829 230 896 unaarum,
256 847 319 897 neo,
344 847 427 904 quaro
448 830 478 885 id
498 831 584 898 fieret,
607 841 707 904 poterat
724 830 847 905 intelligi.

59 906 79 961 l.
96 904 242 978 Postquam
254 913 342 961 autem
354 924 436 962 naves
445 906 586 979 completas
595 915 788 980 oonspoxemnl
797 923 852 961 ser·

59 979 188 1051 pentibus,
206 998 275 1038 nova
292 998 320 1036 re
336 982 474 1053 perterriti,
493 1000 589 1056 quum,
603 984 670 1056 quid
683 983 852 1055 potissimum

59 1054 181 1122 vitarent,
200 1072 254 1112 non
270 1056 399 1124 viderent,
418 1075 522 1132 puppas
538 1066 702 1124 averterunt,
721 1075 802 1131 sequa
819 1055 853 1113 ad

59 1146 103 1187 aaa
113 1139 200 1187 eastra
212 1132 317 1187 nautica
328 1133 483 1189 retulerunt.
522 1135 548 1188 7.
562 1134 606 1190 Sio
622 1133 752 1189 llnnnibal
766 1133 853 1188 eonsi-

59 1204 91 1263 lo
100 1222 175 1263 arma
187 1208 408 1282 Pergamenorum
420 1209 568 1280 superavit:
589 1225 676 1281 nequo
686 1217 742 1263 lum
753 1207 850 1274 solum,

59 1280 102 1338 aul
111 1298 191 1354 saepe
202 1281 267 1339 alias
279 1284 445 1358 pedestribus
457 1284 540 1358 copiis
551 1284 610 1356 pari
621 1283 760 1357 prudentia
769 1300 853 1357 pepu-

59 1354 271 1415 liladversarios.
627 1414 631 1421 .

107 1433 170 1489 XII.
190 1433 264 1502 Quae
275 1434 342 1491 dum
359 1436 389 1492 in
401 1435 464 1491 lala
476 1441 615 1510 geruntur,
630 1433 724 1490 aooidit
736 1449 809 1498 oasu,
824 1440 854 1488 ut

59 1506 133 1584 legati
144 1510 253 1567 Prusiae
268 1512 366 1567 Itomae
377 1511 448 1584 apud
461 1513 492 1566 L.
506 1510 646 1577 Quintium
658 1508 850 1575 Flamininum,

59 1583 229 1653 tumularem,
243 1594 389 1652 coenarent,
404 1594 483 1660 atque
494 1586 542 1652 th,
556 1585 590 1641 do
601 1584 748 1642 Ilannibala
759 1584 855 1640 menti·

59 1659 197 1728 malacia,
214 1680 249 1719 ex
264 1663 308 1718 his
325 1681 397 1719 unus
413 1663 518 1728 diceret,
533 1679 595 1718 euru
612 1662 640 1717 in
653 1662 761 1717 Prusiae
773 1677 854 1735 regno

59 1750 123 1793 asse.
161 1740 189 1794 2.
208 1737 240 1792 Id
255 1745 358 1810 postero
374 1738 418 1793 die
434 1738 603 1794 Flaminiana
625 1737 728 1793 senatui
750 1736 853 1791 detulit.

59 1812 145 1869 Patras
160 1813 310 1885 oonsoriptI,
328 1813 386 1886 qui,
404 1812 552 1869 Hannibale
568 1813 640 1877 vivo,
659 1828 808 1883 numquam
826 1826 855 1866 se

59 1886 114 1943 sine
125 1887 232 1943 Insidiis
243 1887 346 1945 futuros
355 1888 543 1954 existimarent,
558 1887 656 1962 legatos
665 1888 693 1942 in
703 1887 855 1961 Bithyniam

59 1962 200 2028 meunt,
221 1964 249 2019 in
265 1963 309 2019 his
325 1962 521 2030 Flamininum,
541 1964 589 2035 qni
606 1962 640 2017 ab
657 1979 718 2036 rege
729 1970 854 2034 peterent,

59 2054 92 2095 us
103 2038 321 2095 inimicissimum
334 2057 415 2096 suum
427 2057 518 2096 senum
530 2038 646 2105 haberet,
660 2037 767 2110 sibiqno
778 2037 857 2093 dade·

59 2120 105 2171 ret.
143 2116 171 2169 3.
190 2115 237 2169 llis
249 2115 357 2171 Prusias
369 2132 465 2190 negare
477 2132 559 2171 ausus
571 2132 624 2170 non
637 2121 689 2182 ost3
705 2113 773 2169 illud
782 2131 856 2169 recu-

59 2187 136 2254 sauit,
154 2205 189 2244 ne
205 2189 234 2244 id
251 2208 268 2248 a
283 2208 313 2246 sa
330 2190 387 2246 fieri
403 2191 574 2264 postularent,
588 2189 661 2263 quod
674 2189 800 2245 advorsus
815 2190 856 2243 ius

59 2262 166 2337 hospitii
183 2272 263 2335 essen
289 2266 350 2339 ipsi,
369 2267 392 2322 si
405 2277 520 2339 possent,
538 2265 801 2338 comprehenderent:
819 2262 857 2317 lo-

59 2354 131 2406 uum,
144 2339 193 2396 ubi
204 2348 281 2408 esset,
294 2341 371 2398 facile
381 2343 545 2399 inventuros.
580 2340 710 2397 llonnibal
722 2340 793 2395 enlm
803 2353 857 2392 uno

59 2412 115 2473 boo
127 2432 157 2471 se
168 2417 270 2472 tenebat
286 2418 314 2474 in
327 2417 441 2483 castello,
460 2417 532 2492 quod
544 2417 568 2473 ei
581 2418 614 2472 ab
627 2434 688 2490 rega
700 2414 789 2470 datum
803 2418 858 2467 erat

59 2491 179 2549 muneri:
205 2491 287 2565 idque
298 2493 337 2548 sio
348 2494 503 2559 aedificarat,
518 2501 549 2548 ut
561 2493 588 2547 in
599 2491 725 2549 omnibus
735 2489 856 2561 partibus

59 2566 174 2624 astlilioii
190 2568 291 2624 exitam
309 2569 361 2624 sibi
379 2570 493 2633 haberet,
514 2586 617 2641 semper
632 2583 735 2628 verens,
755 2580 788 2618 no
806 2579 859 2618 usu

59 2643 172 2708 veniret,
190 2643 263 2716 quod
279 2644 382 2700 aooidit.
421 2647 447 2700 l.
468 2645 526 2698 lluo
538 2660 624 2716 qurum
637 2640 714 2714 legati
729 2639 859 2694 llomano·

59 2734 124 2779 rum
135 2720 279 2789 venisent,
297 2737 329 2777 ao
340 2718 509 2777 multitudine
521 2719 632 2776 domum
643 2717 702 2773 eius
713 2712 860 2772 circumde-
