1896 3292
108 182 141 234 ta
203 178 300 236 XVII.
319 175 552 234 AGESILAUS.
572 176 655 233 CAP.
675 176 818 235 v1.v11.

109 307 123 344 a
134 304 163 342 se
172 287 235 344 victi
246 286 309 342 vitio
317 285 527 341 adversariorum
536 284 726 340 concidissent:
737 304 861 358 namque
868 287 908 343 illa

109 361 292 427 multitudine,
308 361 332 415 si
345 377 410 414 sana
424 377 499 414 mens
513 367 593 424 esset,
609 359 735 415 Graeciae
747 361 907 433 supplicium

109 434 406 507 Persasdarepotuisse.
444 432 909 505 3.1demquumadversariosiaua

109 510 213 565 moenia
222 508 400 581 compulisset,
406 514 440 573 et,
451 515 481 562 ut
486 507 643 564 Corinthum
651 517 830 582 oppugnaret,
837 510 908 565 multi

109 585 283 648 hortarentur,
295 582 409 656 negavit,
421 581 449 636 id
458 599 522 637 suae
531 582 621 637 virtuti
632 582 792 639 convenire:
803 601 835 639 se
843 584 908 641 enim

110 677 172 714 eum
181 675 239 713 esse
247 656 324 722 dixit,
330 656 378 728 qui
388 656 422 711 ad
431 655 548 711 cilicium
557 664 695 728 metentes
702 656 792 712 redite
801 668 907 733 cogeret,

110 751 178 798 non,
193 732 242 804 qui
254 731 334 785 urbes
348 729 527 786 nobilissimas
536 739 701 804 expugnaret
709 730 850 788 Graeciae.
885 736 907 787 l.

110 808 180 863 Nom
188 811 225 869 at,
239 805 340 877 inquit,
356 822 398 859 eor
407 810 572 875 sestiacum
579 808 751 869 coluerimus,
768 810 908 875 quinctio

112 898 170 935 oum
184 883 308 935 odverm
318 882 444 934 barbaros
456 888 594 944 steterunt,
608 884 760 948 nosmetipsi
772 898 825 937 nce
833 898 908 950 eupa-

110 957 283 1023 amouimus,
294 956 349 1008 illia
358 957 553 1022 quiescentibus.
593 953 650 1020 Quo
656 959 728 1024 [acto
735 958 796 1009 aine
805 960 907 1027 watto,

112 1045 191 1098 quum
199 1032 336 1092 voluerint,
347 1045 393 1082 aea
403 1032 553 1096 oppriment.

166 1102 212 1158 v1.
231 1101 339 1157 Interim
349 1101 442 1156 accidit
455 1101 501 1157 illa
514 1101 648 1157 oalanfitm
661 1101 734 1174 apud
743 1103 859 1159 Leucus
865 1105 908 1159 La·

112 1176 300 1232 cedaemoniis:
321 1193 375 1249 quc
385 1176 644 1248 comminisceretur,
657 1178 908 1251 quumaplerisque

113 1252 147 1307 ad
156 1250 308 1307 exeundum
317 1258 487 1325 premeretur,
494 1258 524 1305 ut
532 1251 556 1305 si
566 1250 600 1305 de
607 1251 682 1306 exitu
691 1250 908 1319 divinaret,erire

112 1325 207 1382 noluit.
246 1325 332 1391 ldem,
344 1343 430 1398 quum
439 1324 637 1397 Epaminondae
645 1324 767 1396 Spartam
776 1344 907 1401 oppugna·

113 1410 159 1467 ret,
171 1408 291 1473 essetque
299 1400 358 1455 sine
366 1399 452 1455 muris
460 1398 683 1472 oppidum,talem
691 1416 721 1455 se
730 1400 907 1473 imperatorem

112 1476 246 1547 praebuit,
262 1483 293 1529 ut
305 1492 336 1529 eo
347 1482 463 1544 tempore
475 1473 601 1530 omnibus
618 1475 782 1546 apparuerit,
805 1476 858 1531 nisi
870 1474 908 1531 ille

112 1548 218 1613 luisset,
234 1546 355 1619 Spartam
368 1546 485 1603 futuram
498 1566 552 1605 non
565 1547 657 1605 luisse.
696 1551 724 1605 2.
743 1550 777 1605 ln
791 1550 908 1623 quoqui-

114 1623 175 1677 dem
184 1622 337 1676 discrimine
346 1619 463 1677 celeritas
472 1622 530 1677 eius
539 1622 643 1679 consilii
651 1622 732 1679 saluti
741 1621 796 1679 fuit
808 1626 909 1681 unive-

113 1697 162 1752 sis.
201 1698 270 1751 Nam
283 1713 369 1767 quum
383 1695 493 1768 quidam
510 1697 709 1762 adolescentuli,
730 1698 851 1755 bostium
868 1698 909 1754 ad·

116 1778 196 1827 ventu
205 1770 347 1844 perterriti,
359 1770 392 1827 ad
402 1770 540 1827 Thebanos
548 1771 711 1846 transfugere
720 1772 832 1839 vellent,
843 1782 869 1829 et
876 1772 909 1829 lc

114 1864 176 1902 cum
186 1853 259 1901 extra
268 1845 362 1901 urbem
372 1845 472 1901 editum
481 1846 623 1918 cepissent:
637 1846 789 1920 Agesilaus,
799 1849 909 1921 quiper

115 1920 321 1975 nicicsissimum
341 1918 395 1975 lore
413 1920 526 1986 videret,
551 1921 575 1975 si
597 1921 816 1978 animadversum
837 1934 907 1985 ertu.

115 2012 279 2067 quemquam
293 1994 326 2049 ad
340 1995 427 2050 hostes
442 1994 605 2069 transfugere
617 2012 720 2061 conari,
735 2013 801 2051 cum
815 1997 873 2052 suis
882 2012 908 2051 et

115 2069 196 2134 venit,
208 2076 296 2142 atque,
310 2076 338 2124 ut
346 2069 370 2124 si
379 2069 449 2125 bono
459 2070 548 2125 animo
556 2069 690 2136 iecissent,
701 2069 909 2129 laudavitcomi·

115 2145 183 2198 lium
192 2161 296 2209 eorum,
313 2143 386 2215 quod
393 2161 456 2199 eum
467 2143 554 2199 locum
567 2152 752 2217 occupassent,
766 2153 795 2199 et
807 2162 837 2201 se
849 2162 909 2219 quo·
947 2143 948 2146 ’

115 2237 168 2292 que
182 2217 210 2272 id
224 2219 280 2273 fieri
294 2218 389 2272 debere
402 2219 627 2279 animadvertisse.
666 2223 693 2275 3.
713 2219 758 2275 Sic
765 2220 911 2275 adolescen-

115 2294 184 2349 tulos
197 2292 323 2349 simulata
337 2292 485 2348 laudatione
497 2294 673 2366 recuperavit,
693 2304 720 2349 et
732 2293 868 2351 adiunctis
883 2293 911 2348 de
929 2318 934 2332 ·

116 2369 172 2423 suis
192 2367 333 2423 comitibus
351 2366 439 2422 locum
457 2376 544 2423 tutum
566 2368 683 2441 reliquit.
721 2368 848 2441 Namque
866 2368 909 2432 illi.

116 2450 191 2499 aucto
205 2459 316 2498 numero
325 2458 430 2508 eorum,
446 2443 495 2514 qui
504 2452 623 2514 expertes
632 2448 706 2497 erant
713 2443 835 2510 consilii,
846 2460 911 2499 com·

116 2534 221 2573 movere
230 2534 259 2572 se
268 2533 321 2572 non
334 2525 398 2571 sunt
411 2518 482 2582 ausi,
498 2534 582 2589 ecque
595 2516 736 2589 libentius,
750 2518 828 2589 quod
841 2516 912 2573 latera
947 2544 948 2547 ¹

116 2592 318 2656 arbitrabantur,
329 2608 398 2663 quae
407 2591 559 2664 cogitarant.

171 2665 228 2721 v11.
248 2665 311 2722 Sine
321 2665 403 2722 duno
416 2674 475 2739 post
484 2666 647 2724 Leuctricam
659 2667 911 2741 pugnantem
944 2618 947 2691 l
