1896 3292
113 210 145 266 2i
293 208 342 265 Vi.
361 205 577 263 LYSANDER.
597 205 681 263 CAP.
700 206 723 263 1.

113 334 204 388 opera,
221 313 286 371 nulli
303 333 344 371 ree
358 313 597 383 familiarisdeiuit;
618 314 714 370 multos
724 312 901 387 locupletavit3
927 328 930 335 ·

113 390 259 463 eomplures
268 407 394 464 pauperes
405 390 590 462 mortues‚qui‚
601 390 672 445 unde
680 389 841 456 efferrentur,
853 408 904 445 non

113 465 288 544 reliquissent,
299 481 348 521 suo
357 471 447 520 sumtu
456 462 559 519 extulit.
597 466 623 519 i.
642 463 687 519 Sie
694 481 723 518 se
730 462 847 538 gerendo
854 464 904 519 mi-

113 540 186 596 nime
194 546 233 595 est
242 538 406 605 mirandum,
420 538 540 594 sietvita
548 537 606 594 eius
618 537 668 594 init
680 554 785 604 seeum,
799 546 904 594 etmors

113 614 216 670 aeerba.

114 742 904 781 ΜΆΜΜΜΜΜΜΜΜΜ

476 854 543 909 vl.

330 955 691 1018 LYSANDER.

453 1093 522 1152 Cer.
541 1096 563 1151 1.

168 1199 348 1277 Luaron,
368 1210 637 1274 escensiones,
657 1224 782 1283 magnam
799 1207 906 1281 reliquit

115 1286 158 1341 sui
175 1284 286 1352 famam,
315 1285 401 1360 magis
419 1284 550 1350 felicitate,
579 1301 661 1357 quem
679 1283 775 1338 virtute
792 1292 925 1355 portam..

115 1360 286 1416 Athenienses
303 1359 374 1415 enim
393 1360 422 1415 in
435 1358 634 1431 Peiomnnesios
650 1365 723 1413 sexto
740 1364 765 1411 et
781 1356 906 1413 rieesimo

115 1432 293 1491 ennebellum
302 1440 420 1508 gerentes
428 1432 690 1505 noniecisseepparet.
727 1435 754 1489 2.
775 1431 906 1504 Namque

116 1510 214 1564 ratione
225 1515 378 1563 eonseeutus
387 1508 435 1572 sit,
448 1506 517 1562 latet.
555 1508 613 1562 Non
624 1507 696 1562 enim
704 1505 800 1562 virtute
807 1508 852 1562 sni
861 1522 908 1561 ex·

115 1582 223 1646 orsitus,
243 1579 289 1635 sed
308 1579 468 1636 immodestia
487 1580 584 1637 iactum
602 1580 824 1646 adversariorum,
847 1579 906 1653 qni,

116 1655 188 1728 quod
210 1654 278 1710 dieto
300 1654 434 1710 audientes
457 1655 655 1728 imperatoribus
677 1654 734 1710 suis
750 1670 802 1709 non
823 1662 906 1719 erant,

116 1728 236 1802 dispalati
246 1728 275 1784 in
284 1729 363 1803 agris,
379 1728 474 1785 reiiotis
483 1730 606 1797 navibus,
617 1732 645 1785 in
656 1729 771 1785 hostiurn
779 1735 910 1784 venerumt

116 1811 275 1876 potestatem.
313 1803 371 1870 Quo
389 1802 454 1860 iaeto
468 1804 637 1860 Athenienses
655 1821 684 1858 se
697 1802 908 1858 Lneedaemoniia

115 1878 280 1934 dediderunt.
318 1882 344 1934 3.
365 1879 417 1934 Hne
436 1879 542 1934 viderie
555 1878 690 1952 Lysander
706 1878 801 1943 elatus,
822 1894 909 1950 quum

116 1961 190 2008 antee
201 1969 303 2024 semper
313 1952 433 2008 factiosus
442 1953 581 2026 audaxque
591 1953 694 2018 inisset,
705 1957 744 2007 sie
756 1951 808 2007 sibi
818 1951 910 2008 indul·

117 2027 159 2092 sit,
172 2036 201 2081 nt
209 2027 265 2081 eius
274 2043 350 2098 opera
361 2028 389 2083 in
401 2028 548 2085 maximnm
556 2027 648 2083 edium
657 2026 907 2082 GreeoineLaeedae·

116 2101 911 2241 tetenderunt·,desuetudinem

116 2249 283 2321 impotentem
293 2249 494 2306 dominationem
505 2250 681 2324 refringerent,
689 2257 828 2322 postquam
838 2248 911 2323 apud

117 2324 202 2398 Aegos
211 2321 308 2379 flumen
318 2324 451 2397 Lysander
461 2324 552 2380 elassis
561 2325 675 2380 hostium
689 2332 727 2379 est
739 2323 852 2395 potitus,
867 2323 912 2380 ni·

117 2398 155 2453 hil
165 2397 239 2454 aliud
248 2396 353 2452 molitus
362 2406 412 2465 est,
423 2416 505 2471 quam
516 2408 544 2454 ut
552 2415 643 2453 omnes
652 2398 768 2454 ciuitates
776 2401 804 2453 in
814 2415 864 2453 sue
871 2405 912 2455 te-

117 2480 189 2528 neret
206 2478 340 2544 potestate,
361 2490 446 2545 quum
464 2472 492 2527 id
510 2490 538 2528 se
550 2472 812 2528 Laeedeemoniorum
830 2489 911 2529 eausa

116 2546 199 2603 faeere
206 2544 351 2602 simularet.
388 2549 414 2601 5.
435 2547 694 2619 Namqneundique,
709 2546 912 2619 quirithenien·

115 2620 188 2675 'sium
199 2621 277 2676 rebus
287 2619 456 2685 studuissent,
463 2620 559 2686 aientis,
571 2621 660 2678 denem
668 2619 796 2694 delegerat
805 2623 834 2678 in
843 2639 913 2678 uns-

113 2710 223 2767 queque
238 2695 353 2763 eritne,
373 2693 472 2771 quibus
486 2711 622 2753 summurn
641 2696 781 2769 imperium
799 2704 910 2770 potesta-
