1896 3292
110 189 154 243 l0⁰
219 186 318 244 XXll.
337 185 549 247 llilitllLCAll.
569 184 653 245 chr.
674 186 711 244 ll.
732 182 787 244 111.

104 296 193 352 Sicilia
205 296 369 355 decederent:
403 304 429 356 6.
449 299 636 355 succumbente
650 297 748 371 patria,
766 290 908 371 ipso-peri·

103 386 195 428 turum
212 391 241 428 se
256 375 343 446 polim
359 374 468 440 dixerit,
486 392 567 448 quom
585 390 647 430 cum
660 381 731 429 tauto
746 371 848 448 flagitio
860 372 907 429 ‹lo-

104 466 180 504 mum
193 449 297 505 rediret.
336 451 395 506 Non
407 451 480 506 enim
491 467 555 506 suae
567 466 624 505 esse
640 448 761 515 virtutis,
781 466 873 515 arma,
891 466 906 505 ι

103 525 187 597 patria
208 534 312 599 aooepta
332 525 458 582 adversus
479 526 581 593 hostes,
608 524 767 583 adversariis
793 523 914 601 trudere.¹

103 600 190 656 lluius
201 601 358 674 pertinaciae
369 601 446 656 tussit
458 601 577 658 Catulus.

158 677 192 731 ll.
212 680 246 731 ht
259 675 315 742 ille,
330 684 361 731 ut
373 677 558 752 Carthaginem
569 679 655 742 uenit,
672 674 759 732 multo
770 672 863 743 aliter,
876 690 906 731 ao

103 752 238 826 sperabat.
256 750 447 823 rempublicam
459 770 488 808 se
499 752 639 808 habentem
651 751 785 826 coguovit.
826 752 904 807 Nam-

104 844 157 899 que
165 826 335 881 diuturnitate
344 826 443 882 externi
455 826 518 883 mali
528 834 631 883 tanturn
639 832 737 893 exarsit
748 826 903 882 intestinum

104 900 219 967 bellum,
244 913 274 957 ut
290 919 439 974 numquam
454 903 511 976 pari
527 902 645 975 periculo
667 901 745 958 luerit
763 901 900 977 Carthago,

105 976 157 1031 nisi
174 993 259 1049 quum
276 976 359 1032 deleta
375 985 423 1033 est.
461 981 488 1035 2.
508 979 597 1033 Primo
618 976 775 1033 mercenarii
797 976 899 1043 milites,

104 1052 153 1125 qui
170 1051 297 1108 adversus
309 1053 441 1109 Romanos
453 1052 569 1121 fuerant,
588 1052 768 1109 desciverunt:
790 1068 899 1127 quarm

104 1145 232 1184 numerus
243 1135 299 1183 erat
310 1128 406 1203 viginti
419 1128 545 1185 millium.
585 1129 618 1183 Hi
631 1136 708 1184 totam
722 1126 899 1185 malianum

104 1202 233 1271 Africam,
251 1205 337 1277 ipsam
354 1204 539 1279 Carthaginem
555 1211 752 1292 oppugnarunt.
793 1208 823 1260 3.
842 1200 911 1273 οιιί-’

104 1279 156 1335 bus
168 1278 246 1335 malis
262 1280 327 1336 adeo
341 1287 406 1336 sunt
418 1280 497 1336 Poeni
508 1280 653 1353 perterriti,
670 1286 702 1335 ut
713 1278 795 1335 etiam
807 1276 911 1335 auxilir'

61 1370 64 1381 ·
104 1373 119 1411 a
132 1355 258 1411 Romanis
269 1355 422 1430 petiverint,
440 1373 524 1429 eaque
540 1354 713 1428 impetrarint.
724 1386 728 1395 ·
751 1353 808 1410 Sed
821 1362 901 1411 extre·

104 1449 161 1497 mo,
180 1449 266 1505 quum
281 1449 363 1505 prope
379 1433 432 1486 iam
445 1430 479 1487 ad
490 1431 696 1504 desperationem
711 1430 900 1503 pervenissent,

104 1507 277 1564 Hamilcarem
294 1507 477 1579 imperatorem
492 1505 618 1563 focerunt.
658 1507 684 1562 l.
704 1507 730 1561 Is
746 1522 804 1562 non
819 1504 901 1563 solunt

105 1584 193 1639 hostes
209 1601 225 1638 a
241 1583 327 1637 muris
345 1582 511 1657 Carthaginis
532 1582 657 1649 removit,
680 1596 768 1655 quum
790 1578 901 1655 amplius
938 1592 940 1597 '

105 1656 313 1715 centummillia
328 1656 395 1713 iacta
410 1665 497 1714 eseont
512 1666 685 1726 armatorum3
706 1654 754 1711 sed
775 1656 902 1713 etiamen

105 1732 246 1806 compulit,
264 1739 308 1800 ut,
326 1731 443 1789 locorum
459 1734 590 1809 angnrstiis
605 1731 701 1798 clausi,
718 1729 812 1805 plures
827 1730 901 1797 lame,

106 1829 188 1885 quam
200 1809 277 1877 terro,
292 1809 436 1865 interirent.
468 1809 563 1866 Omnia
575 1809 672 1882 oppida
684 1806 807 1876 alienata,
815 1808 854 1865 -in
863 1806 903 1863 his

107 1887 207 1943 Uticam
223 1894 302 1959 atque
318 1886 479 1958 Hipponem,
502 1883 681 1942 valentissima
697 1883 778 1939 totius
793 1882 902 1947 ninas,

105 1962 218 2018 restituit
229 1964 337 2035 patriae.
361 1964 387 2016 o.
401 1963 493 2035 Neque
504 1978 535 2016 eo
546 1959 597 2015 luit
608 1965 754 2025 contentus,
768 1957 818 2014 sed
829 1960 904 2015 οιὶιιιι

107 2037 173 2092 sines
186 2037 289 2110 imperii
303 2037 465 2112 propagavit,
478 2043 530 2092 tota
539 2034 626 2091 Africa
639 2041 741 2090 tantum
753 2034 841 2090 otium
849 2032 904 2090 retl-

106 2113 188 2180 didit,
207 2122 236 2169 ut
252 2111 358 2169 nullum
375 2113 403 2169 in
419 2130 449 2169 ea
465 2111 568 2169 bellum
579 2110 712 2169 videretur
722 2109 818 2166 multis
830 2108 904 2167 annis

105 2188 198 2246 luisse.
820 2218 824 2225 ·

160 2266 207 2320 lll.
227 2263 316 2320 llehus
328 2263 371 2319 his
382 2281 417 2319 ex
428 2261 690 2335 sententiaperactis,
710 2259 804 2317 lidenti
819 2259 904 2316 animo

107 2349 185 2414 atque
202 2339 295 2396 intesta
311 2340 449 2407 Romanis,
473 2357 528 2413 quo
545 2337 648 2394 laoilius
664 2352 772 2392 oausam
789 2332 904 2392 bellandi

106 2417 243 2489 reperiret,
261 2415 357 2482 elleoit,
375 2423 406 2470 ιιι
418 2416 558 2488 imperator
569 2430 631 2469 curn
643 2412 759 2468 exercitu
771 2411 801 2467 in
814 2412 904 2542 llisss-

107 2493 180 2547 niam
197 2492 355 2557 mitteretur,
374 2507 457 2563 eoque
472 2508 563 2546 semim
579 2489 656 2545 duxit
672 2487 760 2544 lilium
772 2486 862 2543 Hanni
899 2522 902 2527 -

107 2566 169 2634 lem,
184 2585 315 2624 annorum
327 2583 433 2623 novem.
465 2569 492 2623 2.
511 2567 573 2621 Erat
585 2572 715 2637 praeterea
726 2580 790 2619 oum
802 2578 836 2620 eo
846 2560 905 2619 ado·

103 2640 207 2698 lesoans
220 2642 344 2711 illustris,
358 2640 503 2707 formosus,
517 2639 679 2704 llasdruhal,
691 2655 773 2712 quem
785 2632 905 2696 nonnulli

54 2796 62 2825 P
92 2714 176 2792 diligi
186 2719 312 2797 turpius,
327 2736 414 2798 quam
426 2736 474 2798 par
486 2724 552 2787 erat,
563 2716 598 2773 ah
605 2713 754 2773 hamilcare
763 2713 904 2801 loqoebtlt·
928 2728 932 2741 '
