1896 3292
242 113 457 169 1X.CONON.
479 112 562 168 CAP.
584 114 697 169 11.111.
834 118 866 170 39

121 223 161 278 11.
181 222 270 279 Rebus
284 231 371 281 autem
384 220 499 285 afflictis,
520 238 607 293 quum
623 222 735 292 patriam
752 221 866 279 obsideri

64 295 197 361 audisset,
209 314 263 352 non
271 296 414 369 quaesivit,
427 296 471 351 ubi
483 296 540 367 ipse
548 303 604 351 tute
614 296 724 360 viveret,
740 295 787 351 sed
795 296 867 355 unde

64 369 199 445 praesidio
208 379 298 442 posset
310 389 368 427 esse
380 371 485 427 civibus
498 371 566 425 suis.
605 371 696 442 itaque
713 370 822 426 eontulit
839 388 867 427 se

64 444 100 503 ad
110 445 328 511 Pharnabazum,
343 454 462 517 satrapen
475 445 561 501 ioniae
569 453 594 499 et
607 444 719 520 Lydiae,
731 444 867 501 eumdem·

10 566 12 585 :
64 537 120 594 que
127 537 256 594 generum
266 522 336 594 regis
344 529 370 577 et
377 521 574 593 propinquum:
585 519 657 590 apud
666 537 747 591 quem
758 529 788 575 ut
796 519 867 575 mul·

10 588 15 611 '
64 595 218 669 ungrani
228 595 337 661 valeret,
354 595 437 651 multo
451 594 539 651 labere
550 594 694 668 multisque
706 595 788 650 effecit
798 595 867 666 peri-

63 669 145 727 nuris.
183 673 211 727 2.
230 671 297 727 Nam
319 688 406 745 quum
425 669 635 735 Laeedaemoeii‚
661 670 867 726 Atheniensibus

10 792 13 797 .
64 744 185 809 devietis,
197 746 225 801 in
233 747 354 801 sacietate
363 762 416 801 nen
426 753 568 810 manerent,
580 763 662 817 quam
672 762 734 801 eum
744 745 867 801 Artaxer

10 826 13 895 ζ
64 819 259 886 refecerantA
277 821 444 893 esilaumque
453 820 579 876 bellatum
589 821 722 876 misissent
731 820 865 886 inAsiam,

10 944 16 977 ι
64 895 183 955 maxim
192 839 525 968 impudsiaTissaphernQ
541 895 632 968 quiex
642 895 867 971 intimisregiseb

10 980 20 1051 p
64 970 180 1027 amieitia
188 971 246 1027 eius
254 970 388 1037 defecerat,
399 979 425 1026 et
433 988 495 1027 eum
500 970 711 1026 Lamdaemoniis
720 970 814 1027 coierat
823 987 867 1026 sn-

64 1045 197 1103 tietatem:
217 1047 292 1102 hune
304 1046 432 1102 adversus
444 1046 632 1101 Pharnabazus
647 1046 754 1101 babitus
766 1054 806 1101 est
814 1045 866 1101 im-

63 1128 181 1193 perat0r3
202 1119 349 1192 nequidem
358 1137 420 1175 vera
429 1120 555 1175 exercitui
564 1118 676 1191 praefuit
684 1120 784 1186 Cenon,
795 1120 866 1176 eius·

63 1212 118 1268 que
131 1194 222 1249 omnia
231 1194 338 1248 arbitrio
345 1200 419 1266 gesta
427 1201 500 1248 sunt.
538 1197 566 1248 3.
585 1193 757 1249 Hiomultum
771 1194 865 1251 durem

62 1284 205 1325 summum
218 1266 370 1342 Agesilaum
385 1267 537 1339 impedivit,
552 1285 683 1340 saepeque
702 1269 761 1325 eius
779 1270 867 1325 eonsi-

62 1343 110 1398 liis
126 1342 241 1410 obstitit3
262 1360 349 1415 aeque
362 1359 424 1398 vern
438 1360 490 1399 nen
505 1342 555 1398 init
568 1351 702 1415 apertum,
716 1343 741 1399 si
755 1342 800 1399 ille
813 1360 864 1401 nen

62 1417 172 1481 fussee,
188 1416 341 1492 Agesilaum
351 1418 443 1474 Asiam
457 1418 543 1475 Taum
555 1426 633 1475 tenus
646 1418 702 1493 regi
716 1417 798 1474 iuisss
810 1436 866 1475 ere·

60 1500 185 1566 pturum.
225 1495 250 1549 i.
270 1492 323 1560 Qui
337 1501 507 1565 posteaquam
525 1493 635 1551 mnium
654 1513 669 1550 a
686 1494 745 1549 suis
761 1494 865 1553 civibus

62 1574 201 1623 revonatus
214 1575 267 1634 est,
282 1568 355 1640 qued
363 1568 458 1626 Boeotii
473 1578 499 1625 et
507 1569 680 1625 Athenienses
694 1569 865 1627 Lacedaemo-

62 1641 117 1699 niis
130 1641 231 1699 bellum
244 1642 409 1710 indixerant,
420 1643 510 1700 Cenon
520 1643 699 1701 nihilosecius
710 1644 781 1716 apud
790 1662 862 1716 prae-

61 1715 143 1804 ieetps
156 1718 227 1792 regis
241 1719 409 1786 versabatur,
428 1719 526 1792 bisque
539 1720 666 1777 omnihus
679 1719 796 1776 maximo
811 1728 865 1776 erat

62 1808 137 1851 Ul.

117 1867 165 1923 111.
184 1865 313 1923 Merserat
330 1886 347 1925 a
364 1885 426 1955 rege
440 1867 640 1941 Tissaphernes,
661 1885 748 1940 neque
766 1868 794 1925 id
810 1877 865 1926 tam
891 1894 894 1898 ⁴

61 1940 216 2007 huxere,
235 1959 318 2014 quam
331 1951 437 2008 esteris,
453 1951 507 1999 erat
520 1951 650 2015 apertum.
688 1943 779 1999 Multis
792 1945 864 2001 enim
905 1978 908 1985 .

61 2017 224 2091 magnisque
232 2017 332 2073 meritis
341 2017 414 2090 apud
424 2034 526 2091 regem,
542 2019 621 2075 etiam
635 2036 720 2090 quum
736 2020 764 2075 in
778 2019 864 2077 officio

61 2109 117 2149 non
127 2099 252 2156 maneret,
264 2092 377 2149 valebat.
416 2094 509 2164 Neque
518 2093 546 2148 id
554 2093 717 2161 mirandum,
727 2095 750 2151 si
762 2113 815 2153 nen
824 2094 865 2151 ia-

61 2165 112 2223 riie
125 2166 161 2223 ed
173 2165 332 2224 eredendum
347 2166 540 2234 adducebatur,
561 2169 744 2236 reminiscens,
764 2171 822 2226 eius
835 2187 865 2227 ss

59 2258 142 2315 uparn
156 2241 258 2316 Cyrum
270 2241 376 2299 fratrem
389 2261 537 2315 superasse.
576 2248 603 2301 2.
623 2245 709 2301 Huius
723 2243 862 2301 aeeusandi

10 2370 12 2375 .
59 2315 147 2391 gratia
162 2316 252 2373 Cenon
266 2336 281 2373 a
295 2318 466 2375 Phamabasa
479 2318 513 2375 ad
525 2334 614 2393 regem
628 2321 742 2385 missus,
762 2326 864 2390 poetes·

58 2408 146 2523 fflm
165 2392 250 2456 venit,
271 2392 389 2464 primum
407 2411 440 2451 ex
459 2410 532 2451 mere
548 2396 688 2451 Persarum
707 2395 740 2449 sd
758 2391 864 2449 ebilian

95 2483 154 2532 um,
166 2467 213 2539 qui
225 2467 372 2523 seeundum
380 2468 494 2543 gradum
504 2470 607 2543 imperii
618 2470 729 2532 tenebat,
741 2467 864 2523 Tithrau-

58 2548 120 2598 sten
135 2541 256 2607 sesessit,
276 2559 358 2615 seque
369 2544 482 2601 ostendit
493 2562 557 2601 eum
571 2564 633 2621 rege
651 2541 764 2612 soliequi
785 2540 861 2599 veile.

57 2616 516 2677 Numenimsineheeadmittitur.
555 2624 582 2675 3.
620 2618 689 2675 Huie
701 2614 759 2684 ilie,
770 2617 860 2693 Nulla
