1896 3292
115 161 148 212 66
246 156 312 214 XV.
332 153 628 211 Erauluouuis.
647 153 732 212 CdP.
751 156 787 213 V.

114 271 172 328 rto,
187 268 324 320 nonhabet
334 269 398 319 auat
406 273 484 333 atqua
493 269 596 332 arpenti
604 269 678 318 soth.
716 265 840 335 Namque
851 269 916 323 ordia

115 350 247 395 tetrarum
255 343 364 395 divitius
371 343 490 406 occipere
499 341 559 392 noto
566 354 617 406 pro
623 343 731 405 patriae
740 343 864 395 caritate
891 344 914 396 3.
947 387 948 398 ,

116 415 154 469 Tu
164 418 233 485 quod
241 431 281 468 me
292 418 451 483 iooopnitum
465 416 583 476 uetusti,
600 416 688 481 tuique
700 417 816 469 similam
828 418 916 471 witti-

113 494 199 552 moatt,
210 505 263 543 aon
270 493 362 551 miror,
374 489 470 556 tibique
478 491 596 556 tanmem
613 490 659 540 aad
671 491 795 555 epredm
799 506 915 557 propere,

113 580 146 616 ne
154 566 223 618 alios
231 578 392 630 eonumpna,
407 578 487 630 quum
495 578 536 615 me
544 564 729 628 ooapotum'a.
768 562 821 627 iit,
834 564 916 633 Hier

114 640 167 701 rto,
177 638 483 706 manumissum&
501 639 555 690 aiei
567 639 833 706 ideontasta'mtoeis,
843 644 916 707 opat

114 714 218 766 tradem
230 712 405 779 meptatrotui.
444 711 471 764 t.
490 709 568 764 Hune
579 708 724 763 Diomedon
736 726 830 781 quum
845 727 916 785 roga-

113 791 164 849 ret,
180 790 211 838 ut
222 790 279 837 tuto
287 785 373 848 exire,
387 800 491 855 suaque
499 800 569 855 quae
577 781 707 838 attulisset
714 782 808 839 lioeret
815 784 913 841 adure:

113 860 188 912 Istud
197 861 307 926 quidese,
318 856 415 930 inquit,
425 862 538 928 fusium
548 875 630 927 aeque
639 866 686 913 tao
694 875 788 923 mm,
797 864 914 923 edm

112 949 157 996 aa,
171 937 196 985 si
211 934 258 986 tibi
271 937 308 986 att
317 936 432 1000 pecunia
443 936 559 995 ademta
574 935 673 1001 aliquia
685 936 772 995 meat,
787 937 820 989 id
832 938 869 989 ud
880 950 915 987 u

112 1014 228 1073 ereptum
237 1012 397 1074 pometiam,
417 1010 486 1074 quod
502 1009 617 1061 deletum
633 1008 753 1074 decipere
769 1011 914 1064 notum

113 1082 140 1134 6.
160 1080 248 1151 Aquo
257 1097 344 1152 quum
353 1079 508 1151 quaesisset,
521 1097 614 1151 quoae
622 1078 718 1134 deduoi
727 1078 821 1148 vellet,
831 1080 913 1145 otidis

112 1153 243 1219 Athenas,
258 1154 382 1221 dixisset3
403 1154 566 1226 praesidium
579 1153 664 1219 dedit,
679 1162 750 1209 uteo
759 1161 915 1229 tutoparve-

114 1230 191 1284 niret.
229 1230 322 1301 Neque
331 1227 429 1285 veroid
438 1227 618 1293 satisbabuit,
629 1227 782 1295 sedetiam,
792 1229 914 1287 utintio-

115 1303 182 1358 tatus
192 1303 221 1359 in
231 1321 328 1359 navem
336 1303 499 1367 ascenderet,
509 1320 557 1373 per
565 1301 707 1358 Chabriam
717 1302 912 1368 Athenionem,

112 1377 146 1432 de
159 1395 214 1451 quo
226 1396 308 1449 supra
324 1377 485 1433 mentionem
503 1376 628 1443 iacimus,
648 1376 741 1432 effecit.
781 1382 812 1434 6.
830 1378 914 1435 dhed-

114 1452 216 1507 nentiae
229 1453 278 1507 erit
291 1452 342 1507 boo
358 1452 422 1507 satis
441 1451 631 1507 testimonium.
669 1450 791 1507 Plurima
809 1452 913 1526 quidem

113 1525 227 1595 proferre
233 1542 385 1595 possemus;
397 1524 445 1578 aed
453 1524 549 1580 modus
557 1524 723 1580 adhibendus
732 1533 783 1592 ast,
790 1528 913 1600 quoniam

113 1615 167 1653 uno
181 1598 232 1653 boo
246 1597 381 1653 volumine
395 1598 464 1655 vitas
473 1598 658 1654 exoellentium
667 1599 790 1657 virorum
799 1600 914 1673 oornplu-

113 1673 185 1726 rium
194 1672 349 1727 oonoludere
356 1672 556 1738 eonstituimus,
570 1690 685 1746 quorum
694 1676 839 1747 separatim
847 1674 914 1731 mul-

113 1748 147 1877 tils
156 1746 277 1803 millibus
287 1764 414 1803 versuum
424 1746 572 1820 complures
585 1748 723 1821 scriptores
736 1756 801 1807 ante
812 1768 863 1809 nos
871 1766 913 1807 ex-

113 1823 255 1893 pioarunt.
386 1884 389 1889 ,

167 1898 200 1952 V.
220 1897 283 1953 Fuit
296 1898 374 1954 etiam
387 1899 514 1965 disertam,
535 1905 566 1954 ut
579 1914 656 1955 nemo
669 1899 694 1954 ei
707 1898 854 1957 deaanua
870 1916 913 1973 ptr

112 1980 180 2025 esset
192 1971 354 2045 eloquentia:
376 1992 462 2046 neque
475 1974 566 2029 minus
580 1974 725 2029 concinnus
743 1974 773 2029 in
790 1974 912 2033 brevitate

115 2046 302 2116 respondendi,
324 2065 408 2120 quam
421 2049 448 2103 in
462 2057 586 2120 perpetua
599 2048 717 2103 oratione
728 2058 852 2105 ornatam.
886 2050 910 2107 Ξ.

113 2120 211 2175 Habuit
222 2121 418 2177 obtrectatorem
430 2123 603 2179 Meneolidam
616 2122 775 2194 quemdam,
797 2122 910 2181 indidem

113 2195 220 2261 Thebis,
232 2204 258 2251 et
267 2196 448 2253 adversarium
457 2198 485 2252 in
495 2196 703 2253 administranda
711 2196 864 2268 republioa,
873 2214 912 2253 aa·

114 2270 147 2325 tis
157 2271 327 2326 exercitatum
337 2272 366 2326 in
376 2271 495 2337 (boando,
507 2280 537 2327 ut
541 2271 697 2327 Thebanum
704 2269 817 2329 aditae.
835 2272 912 2327 Nam-

113 2363 166 2417 que
180 2345 218 2399 illi
228 2346 301 2420 genti
311 2346 373 2418 plus
382 2346 450 2403 inest
459 2347 573 2411 virium,
588 2363 671 2419 quam
680 2344 794 2419 ingenii.
832 2350 861 2403 d.
878 2346 910 2408 b.
947 2360 948 2365 ’

113 2420 186 2492 quod
199 2420 227 2475 in
236 2438 265 2475 re
273 2420 381 2477 militari
391 2420 481 2478 florere
488 2419 701 2492 Epaminondam
713 2418 837 2487 videbat,
855 2418 913 2477 bu*

113 2495 162 2548 teri
172 2493 271 2550 solebat
281 2496 432 2562 Thebanos,
443 2504 474 2552 ut
482 2512 573 2566 paoem
582 2494 651 2550 bello
660 2492 831 2561 antderrunt,
840 2512 876 2551 ne
883 2492 913 2549 il-

114 2567 167 2623 lius
177 2567 341 2642 imperatoris
349 2588 427 2641 opera
436 2568 636 2625 desideraretur.
673 2566 912 2635 fluioilladottta

114 2642 216 2714 inquit,
232 2648 308 2701 verbo
322 2651 390 2701 cives
404 2654 483 2710 tuos„
492 2649 560 2716 quod
572 2648 648 2701 horo
662 2647 728 2699 batto
739 2660 852 2701 omne:
870 2645 914 2699 otii
