1896 3292
105 154 139 210 82
250 146 364 208 xv111.
383 146 580 205 EUlllENllS.
600 146 683 205 CAP.
703 148 759 205 lll.

104 261 152 318 teri
166 266 273 333 quoque
284 278 385 325 omnes,
400 258 448 332 qui
460 257 604 314 Alexandri
617 257 720 313 lucrant
731 257 823 316 amici.
853 260 907 317 Pri·

104 355 166 392 mus
176 338 325 391 Leonnatus
333 335 512 390 lllaoedoniam
520 351 710 406 praeoccupare
720 334 906 393 destinaverat.

103 413 152 468 llic
165 410 256 466 multis
269 412 428 486 magnisque
439 408 671 482 pollicitationibus
683 410 844 482 persuadere
856 412 908 467 Eu·

104 489 175 544 meni
189 488 300 553 studuit,
315 496 345 541 ut
358 485 505 541 Perdiccam
518 485 654 552 desereret,
668 502 700 541 ac
710 502 803 541 seeum
815 486 908 543 laceret

104 564 263 619 societatem.
302 565 329 617 5.
349 561 439 628 Quum
452 560 593 634 perducere
603 578 666 617 eum
679 578 732 617 non
745 571 851 634 posset,
868 564 907 619 in·

103 639 219 695 terlieere
231 646 340 693 conatus
352 646 404 703 est;
415 646 441 692 et
453 636 563 704 lecisset,
577 637 630 692 nisi
643 636 689 693 ille
700 636 770 693 olam
781 648 865 695 noctu
875 654 907 695 ex

103 714 242 787 praesidiis
253 730 312 768 erus
324 712 467 786 effugisset.

159 791 205 843 lll.
225 789 332 843 Interim
345 788 454 843 conllata
467 794 531 843 sunt
543 785 587 843 illa
599 785 683 854 belle,
697 804 768 860 quae
779 786 816 843 ad
829 787 907 846 inter·

103 865 239 922 necionem
252 873 311 935 post
318 862 461 919 Alexandri
474 872 583 919 mertem
596 873 669 937 gesta
677 874 750 930 sunt,
762 878 907 939 omnesque

103 948 291 996 concurrerunt
304 939 337 994 ad
352 940 499 995 Perdiccam
511 939 727 1011 opprimendum.
760 938 850 1006 Quem
861 938 906 995 etsi

103 1014 242 1071 infirmum
256 1014 374 1079 videbat,
392 1014 466 1087 quod
478 1031 549 1069 unus
561 1014 686 1069 omnibus
698 1013 824 1071 resistere
834 1032 906 1091 coge·

102 1091 190 1155 batur,
201 1098 289 1144 tamen
297 1090 414 1144 amioum
423 1107 476 1145 nen
485 1089 608 1153 deseruit,
620 1106 706 1161 neque
712 1089 822 1157 salutis,
828 1107 904 1164 quam

103 1164 180 1231 fidei,
200 1163 250 1219 luit
266 1164 397 1237 cupidior.
435 1167 462 1222 2.
483 1163 640 1219 Praelecerat
656 1181 717 1219 eum
731 1165 904 1222 Perdiceesei

102 1241 171 1315 parti
188 1239 279 1303 Asiae,
301 1257 371 1313 quae
387 1239 454 1295 inter
470 1239 589 1295 Taurum
605 1246 722 1295 monem
743 1240 813 1297 iacet
832 1250 905 1315 etque

103 1316 312 1389 Hellespontum,
322 1324 348 1371 et
360 1314 438 1370 illum
450 1314 905 1389 unumopposueratEuropseisad-
942 1358 944 1365 .

102 1392 240 1461 versariis;
262 1391 319 1463 ipse
334 1392 486 1465 Aegyptum
500 1398 686 1464 oppugnatum
703 1389 836 1447 adversus
851 1394 905 1449 Pto·

102 1466 234 1523 lernaeum
247 1475 302 1521 erat
311 1465 452 1538 proiectus.
471 1469 499 1521 3.
512 1466 645 1520 Eumenes
657 1482 744 1538 quum
754 1484 845 1541 neque
853 1485 904 1523 ma·

102 1559 171 1618 guas
183 1541 280 1614 copias,
295 1558 382 1613 neque
394 1541 484 1596 firmas
497 1540 616 1607 haberet,
630 1540 704 1612 quod
715 1550 742 1596 et
753 1541 903 1599 inexercita-

102 1626 157 1682 tae,
172 1624 197 1671 et
209 1634 262 1671 non
275 1615 360 1670 multo
372 1624 432 1671 ante
443 1625 517 1672 erent
528 1618 685 1684 'contractae;
706 1616 851 1675 adventare
861 1636 903 1675 su-

102 1701 157 1747 tem
170 1691 318 1747 dicerentur
330 1690 581 1765 Hellespontumque
597 1692 723 1748 transisse
733 1692 904 1767 Antipateret

104 1768 225 1824 Craterus
238 1784 336 1841 magno
348 1784 410 1823 eum
422 1770 538 1824 exercitu
550 1768 737 1834 Macedonum,
755 1770 811 1825 viri
823 1784 901 1843 quum

102 1843 227 1907 claritate,
242 1851 300 1898 tum
313 1861 366 1899 usu
377 1842 440 1925 belli
452 1852 625 1916 praestantes:
647 1846 673 1899 l.
687 1843 853 1917 (Macedones
863 1860 903 1903 vt·

103 1937 133 1975 ro
145 1919 242 1974 milites
254 1936 284 1974 ea
296 1927 354 1974 tum
367 1927 441 1975 erant
452 1918 531 1985 lama,
545 1937 598 1992 qua
611 1935 685 1975 nuno
692 1919 809 1977 Romani
820 1920 902 1977 lemn·

102 2004 161 2050 tur:
182 1994 279 2048 etenim
292 2012 395 2067 semper
407 1996 491 2051 babiti
502 2003 567 2051 sunt
578 1994 724 2061 fortissimi,
738 1997 789 2068 qui
802 2012 901 2053 summa

102 2070 208 2141 imperii
224 2069 396 2145 potirentur):
429 2072 562 2126 Eumenes
579 2069 753 2144 intelligebat,
774 2071 801 2127 si
820 2072 902 2144 copiae

106 2163 167 2202 suae
179 2153 343 2219 cognossent,
358 2146 485 2203 adversus
497 2163 564 2220 quos
577 2146 742 2212 ducerentur,
761 2165 817 2205 non
830 2146 902 2204 modo

104 2238 157 2276 nen
171 2229 261 2284 ituras,
276 2220 322 2275 sed
335 2222 415 2277 simul
429 2240 490 2278 eum
504 2222 598 2278 nuntio
610 2221 770 2294 dilapsuras.
811 2227 838 2281 t.
857 2225 902 2279 lta·

104 2314 157 2369 que
170 2296 220 2351 hoc
231 2298 289 2351 eius
301 2295 352 2352 luit
363 2297 601 2369 prudentissimum
613 2297 764 2363 eonsilium,
781 2306 813 2354 ut
824 2298 903 2355 deviis

103 2372 243 2427 itineribus
256 2370 353 2427 milites
366 2372 484 2439 duceret,
507 2374 536 2429 in
553 2374 653 2446 quibus
670 2391 732 2429 vera
748 2374 844 2431 eudire
855 2391 903 2431 nou

102 2456 223 2521 possent,
237 2456 262 2504 et
274 2449 317 2505 his
329 2450 510 2521 persuaderet,
527 2467 556 2505 se
567 2457 656 2505 contra
668 2448 801 2522 quosdam
812 2450 904 2507 barbe-

103 2542 146 2580 roe
156 2525 295 2595 proticisci.
320 2528 346 2580 6.
360 2526 451 2597 ltaque
460 2525 543 2581 tenuit
551 2525 601 2581 hoo
612 2525 788 2598 propositum,
798 2535 825 2582 et
832 2526 904 2599 prius
925 2529 928 2535 '

104 2599 132 2652 in
144 2600 224 2653 aciem
233 2599 377 2656 exercitum
385 2600 477 2656 eduxit
485 2599 668 2673 proeliumque
675 2600 819 2668 commisit,
825 2618 905 2678 quem

99 2672 201 2728 milites
211 2674 256 2730 sui
268 2675 375 2745 scirent,
386 2692 448 2733 cum
460 2676 561 2752 quibus
573 2694 646 2734 arma
657 2674 816 2737 conferrent.
840 2676 911 2735 Eue.
