1896 3292
178 113 243 169 Vll.
264 112 505 168 ALCIBIADES.
527 112 609 166 CAP.
630 113 682 167 [X.
703 113 739 167 X.
824 119 856 169 33

57 221 134 295 quit,
145 225 271 276 victoriae
279 227 383 290 patriae
391 237 533 290 repupnas,
543 224 610 275 illud
618 238 714 285 monce,
725 226 803 276 tacta
812 226 858 277 lto·

57 306 113 353 atas
122 305 211 350 castra
221 299 315 350 tabem
322 300 443 350 mattea:
460 298 606 364 periculum
618 304 655 350 cst
669 300 749 359 enim,
764 312 796 350 aa
808 302 858 351 tm·

57 370 858 438 modestiamilitamnostrcramocccatodctarLyscndroco-

57 449 427 514 ctrioppttmeadieecrcttaa.
465 447 492 499 6.
511 442 858 515 Nequeearasillumfeiel-

60 519 104 575 lit.
142 520 210 573 Nam
220 518 368 593 Lysander,
381 535 467 590 quum
475 535 522 590 per
531 517 703 590 speculatores
718 519 859 590 comperis-

59 602 115 657 set,
127 592 239 667 vulgum
249 592 448 648 Atheniensium
459 594 486 647 in
495 600 590 647 terram
599 592 752 664 praedatum
762 593 855 657 exisse,

60 684 197 740 navesque
209 684 290 739 paene
304 668 396 723 inanes
413 667 527 732 relictas,
552 677 655 739 tempus
675 668 711 722 rei
729 667 859 741 gerendae

62 760 116 800 non
126 742 234 808 dimisit,
245 759 328 814 eoque
336 743 436 814 impetu
445 749 527 797 totum
537 741 636 797 bellum
645 741 750 798 delevit.

35 816 45 832 ¹
118 818 166 871 lX.
186 815 220 871 At
232 817 392 882 Alcibiades,
412 817 489 871 vietis
502 816 706 872 Atheniensibus
722 833 775 872 non
794 817 857 871 satis

61 898 118 947 tuta
128 891 217 946 eadem
228 890 282 946 loca
291 893 344 947 sibi
353 892 506 953 arbitratus,
521 892 626 964 penitus
640 893 667 946 in
677 891 814 946 Thraciam
828 908 857 946 se

60 983 143 1038 supra
154 967 334 1041 Propontidem
344 965 457 1031 abdidit,
468 982 590 1037 sperans,
602 966 639 1020 ibi
650 965 772 1021 facillime
781 983 857 1020 suam

60 1040 194 1096 fortunam
202 1041 382 1111 occuliposse.
412 1039 499 1094 Falso.
531 1043 558 1096 2.
578 1041 646 1093 Nam
655 1040 775 1105 Thraces,
787 1048 857 1112 post-

60 1132 146 1188 quam
155 1130 218 1167 eum
230 1130 292 1167 cum
300 1130 398 1185 magna
411 1113 521 1183 pecunia
534 1113 638 1167 venisse
650 1121 800 1179 senserunt,
816 1115 857 1168 in·

60 1189 147 1243 sidias
159 1186 285 1240 iecemnt.
323 1186 374 1252 Qui
385 1202 427 1247 ea,
439 1202 507 1257 quae
516 1194 672 1257 apportarat,
684 1187 855 1252 abstulerunt,

62 1265 156 1334 ipsum
165 1269 475 1332 caperenonpotuerunt.
514 1263 540 1314 3.
561 1259 737 1325 llleoernens,
752 1261 858 1316 nullum

61 1338 154 1391 locum
163 1334 216 1388 sibi
225 1341 310 1389 tutum
320 1335 348 1389 in
354 1334 460 1390 Graecia
470 1342 574 1405 pmpter
581 1335 722 1406 potentiam
732 1336 858 1390 Laoedae

62 1408 229 1474 momorum,
246 1409 279 1463 ad
287 1410 486 1464 Pharnabazum
500 1409 527 1482 in
536 1409 626 1464 Asiam
642 1410 757 1466 hansiit:
777 1427 856 1483 quern

60 1482 173 1558 quidem
189 1484 252 1540 adeo
264 1500 313 1539 sua
330 1485 398 1557 oepit
416 1484 585 1550 humanitate,
606 1492 636 1540 ut
653 1502 715 1540 eum
734 1501 812 1540 nemo
829 1486 856 1542 in

60 1558 178 1615 amicitia
191 1559 358 1615 antecederet.
396 1561 517 1632 Namque
531 1559 554 1614 ei
565 1559 698 1614 Granium
711 1559 816 1615 dederat
830 1561 856 1616 in

61 1633 179 1709 Phrygia
192 1642 319 1700 castrum,
334 1652 368 1690 ex
376 1651 431 1706 quo
440 1636 627 1708 quinquagena
639 1634 734 1690 talenta
744 1636 858 1708 vectiga-

61 1708 233 1780 liscapiebat.
272 1711 297 1764 l.
317 1708 376 1776 Qua
388 1709 491 1764 fortuna
500 1709 647 1765 Alcibiades
661 1726 714 1765 non
728 1718 783 1764 erat
795 1727 858 1764 eon-

61 1790 165 1848 tentus,
177 1801 262 1855 neque
270 1783 385 1839 Athenas
395 1785 475 1838 victas
485 1784 694 1839 Lacedaemoniis
703 1784 802 1839 servire
811 1802 858 1856 po-

60 1867 129 1915 terat
137 1858 200 1929 pati.
239 1858 371 1930 ltaquead
380 1858 491 1930 patriam
501 1857 662 1913 liberandam
676 1860 748 1913 omni
759 1858 857 1914 lercha-

61 1933 278 2006 turcogitatione.
315 1935 342 1988 b.
362 1932 535 1999 Sedvidebat,
546 1933 575 1987 id
584 1933 641 1988 sine
650 1950 709 2007 rege
719 1935 857 1989 Persarum

60 2007 282 2079 nonposselieri:
303 2007 414 2080 ideoque
423 2024 483 2062 eum
493 2007 608 2062 amicum
621 2009 672 2062 sibi
681 2009 802 2081 cupiebat
812 2009 858 2064 ad-

62 2083 154 2156 iungi3
174 2099 260 2154 neque
267 2081 411 2148 dubitabat,
423 2081 497 2137 facile
505 2100 534 2137 se
543 2091 757 2148 consecuturum,
767 2085 790 2137 si
801 2101 858 2139 rno-

60 2157 97 2213 dc
115 2157 174 2211 eius
187 2156 357 2212 conveniendi
376 2157 511 2212 habuisset
524 2165 684 2229 potestatem.
722 2160 790 2213 Nam
805 2158 858 2230 Cy-

61 2230 238 2288 rumlratrom
248 2231 272 2286 ei
281 2231 382 2287 bellum
391 2231 458 2286 elam
472 2249 576 2303 parare,
592 2232 803 2288 Laoedaemoniis
812 2230 859 2284 ad-

61 2306 226 2371 iuvantibus,
238 2306 348 2361 sciebat:
367 2307 427 2362 idei
437 2307 589 2380 aperuisset,
604 2325 728 2383 magnam
738 2322 767 2360 se
776 2304 859 2359 initu-

61 2399 124 2438 rum
166 2380 367 2437 atiamvidebat.

148 2496 155 2511 .
175 2457 243 2511 llaec
251 2472 337 2527 quum
346 2455 488 2521 moliretur,
500 2451 856 2529 peteretqueal’barnabazo,

60 2538 92 2587 nt
99 2530 136 2586 ad
144 2546 233 2605 regem
242 2530 394 2597 mitteretur,
405 2531 495 2586 eodem
504 2541 619 2603 tempore
628 2530 721 2586 Critias
730 2525 859 2599 actamque

60 2606 171 2682 tyranni
180 2604 381 2661 Atheniensium
389 2615 471 2663 certos
480 2606 600 2661 homines
609 2604 644 2660 ad
652 2600 820 2735 Lyguudrum
831 2602 860 2659 iu

100 2681 180 2738 Coun.
200 2682 264 2736 Nur.
