<?xml version="1.0" encoding="UTF-8"?>
<!DOCTYPE html PUBLIC "-//W3C//DTD XHTML 1.0 Transitional//EN"
    "http://www.w3.org/TR/xhtml1/DTD/xhtml1-transitional.dtd">
<html xmlns="http://www.w3.org/1999/xhtml" xml:lang="en" lang="en">
 <head>
  <title>
</title>
<meta http-equiv="Content-Type" content="text/html;charset=utf-8" />
  <meta name='ocr-system' content='tesseract 3.04.00' />
  <meta name='ocr-capabilities' content='ocr_page ocr_carea ocr_par ocr_line ocrx_word'/>
</head>
<body>
  <div class='ocr_page' id='page_1' title='image "./corneliinepotis08nepogoog_0076.png"; bbox 0 0 1906 3066; ppageno 0'>
   <div class='ocr_carea' id='block_1_1' title="bbox 220 166 845 227">
    <p class='ocr_par' dir='ltr' id='par_1_1' title="bbox 220 166 845 227">
     <span class='ocr_line' id='line_1_1' title="bbox 220 166 845 227; baseline 0.003 -6"><span class='ocrx_word' id='word_1_1' title='bbox 220 166 300 227; x_wconf 81' lang='lat' dir='ltr'><strong>xlv.</strong></span> <span class='ocrx_word' id='word_1_2' title='bbox 319 166 511 223; x_wconf 74' lang='lat' dir='ltr'><strong>DATAHBS.</strong></span> <span class='ocrx_word' id='word_1_3' title='bbox 530 166 614 224; x_wconf 75' lang='lat' dir='ltr'><strong>CAP.</strong></span> <span class='ocrx_word' id='word_1_4' title='bbox 633 168 687 224; x_wconf 78' lang='lat' dir='ltr'><strong>tx,</strong></span> <span class='ocrx_word' id='word_1_5' title='bbox 816 172 845 224; x_wconf 85' lang='lat' dir='ltr'><strong>tt</strong></span> 
     </span>
    </p>
   </div>
   <div class='ocr_carea' id='block_1_2' title="bbox 59 274 853 2441">
    <p class='ocr_par' dir='ltr' id='par_1_2' title="bbox 59 274 851 1769">
     <span class='ocr_line' id='line_1_2' title="bbox 59 274 847 341; baseline -0.003 -6"><span class='ocrx_word' id='word_1_6' title='bbox 59 292 148 335; x_wconf 77' lang='lat' dir='ltr'><strong>mm</strong></span> <span class='ocrx_word' id='word_1_7' title='bbox 168 274 289 341; x_wconf 76' lang='lat' dir='ltr'><strong>modam,</strong></span> <span class='ocrx_word' id='word_1_8' title='bbox 309 292 344 333; x_wconf 84' lang='lat' dir='ltr'><strong>ax</strong></span> <span class='ocrx_word' id='word_1_9' title='bbox 356 274 465 331; x_wconf 80' lang='lat' dir='ltr'><strong>Graecia</strong></span> <span class='ocrx_word' id='word_1_10' title='bbox 483 275 671 331; x_wconf 88' lang='lat' dir='ltr'><strong>conductomm</strong></span> <span class='ocrx_word' id='word_1_11' title='bbox 688 276 738 330; x_wconf 87' lang='lat' dir='ltr'><strong>tria</strong></span> <span class='ocrx_word' id='word_1_12' title='bbox 750 275 847 333; x_wconf 89' lang='lat' dir='ltr'><strong>millia:</strong></span> 
     </span>
     <span class='ocr_line' id='line_1_3' title="bbox 59 349 850 409; baseline -0.005 0"><span class='ocrx_word' id='word_1_13' title='bbox 59 350 441 409; x_wconf 71' lang='lat' dir='ltr'><strong>wisarmutrrraemaximum</strong></span> <span class='ocrx_word' id='word_1_14' title='bbox 455 366 607 405; x_wconf 86' lang='lat' dir='ltr'><strong>numerum.</strong></span> <span class='ocrx_word' id='word_1_15' title='bbox 646 353 672 405; x_wconf 83' lang='lat'><strong>3.</strong></span> <span class='ocrx_word' id='word_1_16' title='bbox 692 349 850 405; x_wconf 83' lang='lat' dir='ltr'><strong>liasadven-</strong></span> 
     </span>
     <span class='ocr_line' id='line_1_4' title="bbox 59 423 850 497; baseline -0.004 -15"><span class='ocrx_word' id='word_1_17' title='bbox 59 441 98 483; x_wconf 81' lang='grc' dir='ltr'><strong>ιιι</strong></span> <span class='ocrx_word' id='word_1_18' title='bbox 110 424 203 497; x_wconf 82' lang='lat' dir='ltr'><strong>copias</strong></span> <span class='ocrx_word' id='word_1_19' title='bbox 214 441 276 497; x_wconf 73' lang='lat' dir='ltr'><strong>spes</strong></span> <span class='ocrx_word' id='word_1_20' title='bbox 288 425 377 481; x_wconf 88' lang='lat' dir='ltr'><strong>omnis</strong></span> <span class='ocrx_word' id='word_1_21' title='bbox 389 424 545 480; x_wconf 73' lang='lat' dir='ltr'><strong>consistebat</strong></span> <span class='ocrx_word' id='word_1_22' title='bbox 554 424 654 479; x_wconf 77' lang='lat' dir='ltr'><strong>Datami</strong></span> <span class='ocrx_word' id='word_1_23' title='bbox 667 425 695 479; x_wconf 94' lang='lat' dir='ltr'><strong>in</strong></span> <span class='ocrx_word' id='word_1_24' title='bbox 709 440 738 479; x_wconf 89' lang='lat' dir='ltr'><strong>se</strong></span> <span class='ocrx_word' id='word_1_25' title='bbox 747 423 850 497; x_wconf 79' lang='lat' dir='ltr'>locique</span> 
     </span>
     <span class='ocr_line' id='line_1_5' title="bbox 59 498 849 571; baseline -0.008 -12"><span class='ocrx_word' id='word_1_26' title='bbox 59 506 160 559; x_wconf 69' lang='lat' dir='ltr'><strong>murra.</strong></span> <span class='ocrx_word' id='word_1_27' title='bbox 182 499 388 571; x_wconf 86' lang='lat' dir='ltr'><strong>namquabuius</strong></span> <span class='ocrx_word' id='word_1_28' title='bbox 396 507 496 571; x_wconf 87' lang='lat' dir='ltr'><strong>partem</strong></span> <span class='ocrx_word' id='word_1_29' title='bbox 506 516 558 554; x_wconf 93' lang='lat' dir='ltr'><strong>non</strong></span> <span class='ocrx_word' id='word_1_30' title='bbox 573 498 685 554; x_wconf 90' lang='lat' dir='ltr'><strong>habebat</strong></span> <span class='ocrx_word' id='word_1_31' title='bbox 696 499 849 555; x_wconf 75' lang='lat' dir='ltr'><strong>vicesimam</strong></span> 
     </span>
     <span class='ocr_line' id='line_1_6' title="bbox 59 572 850 646; baseline -0.004 -15"><span class='ocrx_word' id='word_1_32' title='bbox 59 572 182 631; x_wconf 77' lang='lat' dir='ltr'><strong>numm.</strong></span> <span class='ocrx_word' id='word_1_33' title='bbox 219 572 323 641; x_wconf 79' lang='lat' dir='ltr'><strong>Quibus</strong></span> <span class='ocrx_word' id='word_1_34' title='bbox 340 573 422 629; x_wconf 79' lang='lat' dir='ltr'><strong>laetam</strong></span> <span class='ocrx_word' id='word_1_35' title='bbox 439 572 568 638; x_wconf 84' lang='lat' dir='ltr'><strong>conflixit,</strong></span> <span class='ocrx_word' id='word_1_36' title='bbox 588 573 850 646; x_wconf 86' lang='lat' dir='ltr'><strong>adversariorumque</strong></span> 
     </span>
     <span class='ocr_line' id='line_1_7' title="bbox 59 646 851 720; baseline -0.004 -15"><span class='ocrx_word' id='word_1_37' title='bbox 59 648 134 705; x_wconf 76' lang='lat' dir='ltr'><strong>nulh</strong></span> <span class='ocrx_word' id='word_1_38' title='bbox 143 646 231 705; x_wconf 88' lang='lat' dir='ltr'><strong>millia</strong></span> <span class='ocrx_word' id='word_1_39' title='bbox 239 647 365 714; x_wconf 86' lang='lat' dir='ltr'><strong>concidit,</strong></span> <span class='ocrx_word' id='word_1_40' title='bbox 375 666 461 720; x_wconf 84' lang='lat' dir='ltr'><strong>quum</strong></span> <span class='ocrx_word' id='word_1_41' title='bbox 470 648 504 704; x_wconf 87' lang='lat' dir='ltr'><strong>de</strong></span> <span class='ocrx_word' id='word_1_42' title='bbox 512 648 597 720; x_wconf 91' lang='lat' dir='ltr'><strong>ipsius</strong></span> <span class='ocrx_word' id='word_1_43' title='bbox 606 648 720 703; x_wconf 86' lang='lat' dir='ltr'><strong>exercitu</strong></span> <span class='ocrx_word' id='word_1_44' title='bbox 730 665 782 703; x_wconf 90' lang='lat' dir='ltr'><strong>non</strong></span> <span class='ocrx_word' id='word_1_45' title='bbox 793 665 851 702; x_wconf 85' lang='lat' dir='ltr'><strong>anr-</strong></span> 
     </span>
     <span class='ocr_line' id='line_1_8' title="bbox 59 722 848 797; baseline -0.003 -18"><span class='ocrx_word' id='word_1_46' title='bbox 59 722 123 797; x_wconf 73' lang='lat' dir='ltr'><strong>piua</strong></span> <span class='ocrx_word' id='word_1_47' title='bbox 144 722 289 779; x_wconf 85' lang='lat' dir='ltr'><strong>bominum</strong></span> <span class='ocrx_word' id='word_1_48' title='bbox 311 722 384 779; x_wconf 87' lang='lat' dir='ltr'><strong>mille</strong></span> <span class='ocrx_word' id='word_1_49' title='bbox 401 722 544 779; x_wconf 78' lang='lat' dir='ltr'><strong>cecidisset.</strong></span> <span class='ocrx_word' id='word_1_50' title='bbox 581 722 667 789; x_wconf 88' lang='lat' dir='ltr'><strong>Quam</strong></span> <span class='ocrx_word' id='word_1_51' title='bbox 686 723 720 795; x_wconf 78' lang='lat' dir='ltr'><strong>cb</strong></span> <span class='ocrx_word' id='word_1_52' title='bbox 743 739 848 778; x_wconf 90' lang='lat' dir='ltr'><strong>causam</strong></span> 
     </span>
     <span class='ocr_line' id='line_1_9' title="bbox 59 796 848 873; baseline -0.001 -20"><span class='ocrx_word' id='word_1_53' title='bbox 59 806 154 871; x_wconf 65' lang='grc' dir='ltr'><strong>μου)</strong></span> <span class='ocrx_word' id='word_1_54' title='bbox 163 796 209 853; x_wconf 91' lang='lat' dir='ltr'><strong>die</strong></span> <span class='ocrx_word' id='word_1_55' title='bbox 217 805 351 870; x_wconf 86' lang='lat' dir='ltr'><strong>tropaeum</strong></span> <span class='ocrx_word' id='word_1_56' title='bbox 360 799 461 871; x_wconf 86' lang='lat' dir='ltr'><strong>posuit,</strong></span> <span class='ocrx_word' id='word_1_57' title='bbox 476 815 530 870; x_wconf 91' lang='lat' dir='ltr'><strong>quo</strong></span> <span class='ocrx_word' id='word_1_58' title='bbox 540 797 595 852; x_wconf 91' lang='lat' dir='ltr'><strong>loco</strong></span> <span class='ocrx_word' id='word_1_59' title='bbox 604 797 690 869; x_wconf 86' lang='lat' dir='ltr'><strong>pridie</strong></span> <span class='ocrx_word' id='word_1_60' title='bbox 701 806 848 873; x_wconf 79' lang='lat' dir='ltr'><strong>pugnatum</strong></span> 
     </span>
     <span class='ocr_line' id='line_1_10' title="bbox 59 872 850 946; baseline -0.001 -17"><span class='ocrx_word' id='word_1_61' title='bbox 59 880 115 929; x_wconf 76' lang='lat' dir='ltr'><strong>nt.</strong></span> <span class='ocrx_word' id='word_1_62' title='bbox 153 874 184 929; x_wconf 73' lang='lat' dir='ltr'><strong>l.</strong></span> <span class='ocrx_word' id='word_1_63' title='bbox 202 872 271 927; x_wconf 87' lang='lat' dir='ltr'><strong>Hinc</strong></span> <span class='ocrx_word' id='word_1_64' title='bbox 278 889 364 944; x_wconf 84' lang='lat' dir='ltr'><strong>quum</strong></span> <span class='ocrx_word' id='word_1_65' title='bbox 373 880 454 927; x_wconf 88' lang='lat' dir='ltr'><strong>castra</strong></span> <span class='ocrx_word' id='word_1_66' title='bbox 464 873 601 937; x_wconf 83' lang='lat' dir='ltr'><strong>movisset,</strong></span> <span class='ocrx_word' id='word_1_67' title='bbox 617 890 772 946; x_wconf 82' lang='lat' dir='ltr'><strong>semperque</strong></span> <span class='ocrx_word' id='word_1_68' title='bbox 784 872 850 929; x_wconf 89' lang='lat' dir='ltr'><strong>inle-</strong></span> 
     </span>
     <span class='ocr_line' id='line_1_11' title="bbox 59 946 850 1022; baseline -0.003 -17"><span class='ocrx_word' id='word_1_69' title='bbox 59 946 106 1005; x_wconf 76' lang='lat' dir='ltr'><strong>riu·</strong></span> <span class='ocrx_word' id='word_1_70' title='bbox 116 946 217 1019; x_wconf 88' lang='lat' dir='ltr'><strong>copiis,</strong></span> <span class='ocrx_word' id='word_1_71' title='bbox 230 947 350 1020; x_wconf 86' lang='lat' dir='ltr'><strong>superior</strong></span> <span class='ocrx_word' id='word_1_72' title='bbox 358 947 483 1003; x_wconf 87' lang='lat' dir='ltr'><strong>omnibus</strong></span> <span class='ocrx_word' id='word_1_73' title='bbox 491 946 596 1020; x_wconf 87' lang='lat' dir='ltr'><strong>proeliis</strong></span> <span class='ocrx_word' id='word_1_74' title='bbox 606 947 760 1015; x_wconf 68' lang='lat' dir='ltr'><strong>discuteret,</strong></span> <span class='ocrx_word' id='word_1_75' title='bbox 778 948 850 1022; x_wconf 92' lang='lat' dir='ltr'><strong>quod</strong></span> 
     </span>
     <span class='ocr_line' id='line_1_12' title="bbox 59 1023 849 1097; baseline 0 -20"><span class='ocrx_word' id='word_1_76' title='bbox 59 1038 203 1097; x_wconf 81' lang='lat' dir='ltr'><strong>numquam</strong></span> <span class='ocrx_word' id='word_1_77' title='bbox 218 1037 328 1077; x_wconf 73' lang='lat' dir='ltr'><strong>mum</strong></span> <span class='ocrx_word' id='word_1_78' title='bbox 340 1030 496 1087; x_wconf 84' lang='lat' dir='ltr'><strong>consereret,</strong></span> <span class='ocrx_word' id='word_1_79' title='bbox 517 1023 568 1077; x_wconf 91' lang='lat' dir='ltr'><strong>nisi</strong></span> <span class='ocrx_word' id='word_1_80' title='bbox 587 1040 673 1095; x_wconf 89' lang='lat' dir='ltr'><strong>quum</strong></span> <span class='ocrx_word' id='word_1_81' title='bbox 688 1023 849 1080; x_wconf 88' lang='lat' dir='ltr'><strong>adversarios</strong></span> 
     </span>
     <span class='ocr_line' id='line_1_13' title="bbox 59 1092 850 1183; baseline -0.003 -30"><span class='ocrx_word' id='word_1_82' title='bbox 59 1092 171 1153; x_wconf 71' lang='lat' dir='ltr'><strong>buum</strong></span> <span class='ocrx_word' id='word_1_83' title='bbox 179 1096 311 1183; x_wconf 69' lang='lat' dir='ltr'><strong>angustiis</strong></span> <span class='ocrx_word' id='word_1_84' title='bbox 318 1095 454 1153; x_wconf 81' lang='lat' dir='ltr'><strong>clausisset</strong></span> <span class='ocrx_word' id='word_1_85' title='bbox 462 1097 543 1169; x_wconf 88' lang='lat' dir='ltr'><strong>(qnod</strong></span> <span class='ocrx_word' id='word_1_86' title='bbox 552 1097 634 1168; x_wconf 91' lang='lat' dir='ltr'><strong>perito</strong></span> <span class='ocrx_word' id='word_1_87' title='bbox 648 1099 786 1170; x_wconf 81' lang='lat' dir='ltr'><strong>regionum</strong></span> <span class='ocrx_word' id='word_1_88' title='bbox 797 1098 850 1152; x_wconf 90' lang='lat' dir='ltr'><strong>cal-</strong></span> 
     </span>
     <span class='ocr_line' id='line_1_14' title="bbox 59 1168 847 1247; baseline -0.001 -20"><span class='ocrx_word' id='word_1_89' title='bbox 59 1168 159 1247; x_wconf 81' lang='lat' dir='ltr'><strong>lideque</strong></span> <span class='ocrx_word' id='word_1_90' title='bbox 171 1172 295 1245; x_wconf 77' lang='lat' dir='ltr'><strong>cogitanti</strong></span> <span class='ocrx_word' id='word_1_91' title='bbox 309 1188 387 1244; x_wconf 88' lang='lat' dir='ltr'><strong>saepe</strong></span> <span class='ocrx_word' id='word_1_92' title='bbox 399 1170 550 1245; x_wconf 73' lang='lat' dir='ltr'><strong>accidebatlz</strong></span> <span class='ocrx_word' id='word_1_93' title='bbox 585 1174 612 1226; x_wconf 82' lang='lat' dir='ltr'><strong>b.</strong></span> <span class='ocrx_word' id='word_1_94' title='bbox 632 1171 847 1243; x_wconf 76' lang='lat' dir='ltr'><strong>Autophrodates,</strong></span> 
     </span>
     <span class='ocr_line' id='line_1_15' title="bbox 59 1244 851 1319; baseline -0.005 -16"><span class='ocrx_word' id='word_1_95' title='bbox 59 1262 139 1319; x_wconf 70' lang='lat' dir='ltr'><strong>quum</strong></span> <span class='ocrx_word' id='word_1_96' title='bbox 150 1244 255 1303; x_wconf 79' lang='lat' dir='ltr'><strong>bollum</strong></span> <span class='ocrx_word' id='word_1_97' title='bbox 268 1246 330 1302; x_wconf 88' lang='lat' dir='ltr'><strong>duci</strong></span> <span class='ocrx_word' id='word_1_98' title='bbox 340 1247 437 1302; x_wconf 88' lang='lat' dir='ltr'><strong>maiora</strong></span> <span class='ocrx_word' id='word_1_99' title='bbox 450 1246 521 1319; x_wconf 82' lang='lat' dir='ltr'><strong>regis</strong></span> <span class='ocrx_word' id='word_1_100' title='bbox 533 1244 692 1311; x_wconf 84' lang='lat' dir='ltr'><strong>calamitate,</strong></span> <span class='ocrx_word' id='word_1_101' title='bbox 708 1264 789 1318; x_wconf 90' lang='lat' dir='ltr'><strong>quam</strong></span> <span class='ocrx_word' id='word_1_102' title='bbox 804 1246 851 1301; x_wconf 88' lang='lat' dir='ltr'><strong>ad-</strong></span> 
     </span>
     <span class='ocr_line' id='line_1_16' title="bbox 59 1319 850 1393; baseline -0.005 -16"><span class='ocrx_word' id='word_1_103' title='bbox 59 1320 244 1387; x_wconf 77' lang='lat' dir='ltr'><strong>versariorum,</strong></span> <span class='ocrx_word' id='word_1_104' title='bbox 262 1320 372 1387; x_wconf 81' lang='lat' dir='ltr'><strong>videret,</strong></span> <span class='ocrx_word' id='word_1_105' title='bbox 387 1321 421 1378; x_wconf 85' lang='lat' dir='ltr'><strong>ad</strong></span> <span class='ocrx_word' id='word_1_106' title='bbox 429 1338 520 1393; x_wconf 89' lang='lat' dir='ltr'><strong>pacem</strong></span> <span class='ocrx_word' id='word_1_107' title='bbox 531 1319 726 1391; x_wconf 87' lang='lat' dir='ltr'><strong>amicitiamque</strong></span> <span class='ocrx_word' id='word_1_108' title='bbox 734 1321 850 1375; x_wconf 84' lang='lat' dir='ltr'><strong>hortatus</strong></span> 
     </span>
     <span class='ocr_line' id='line_1_17' title="bbox 59 1393 849 1470; baseline -0.005 -18"><span class='ocrx_word' id='word_1_109' title='bbox 59 1404 105 1461; x_wconf 71' lang='lat' dir='ltr'><strong>ut,</strong></span> <span class='ocrx_word' id='word_1_110' title='bbox 118 1396 451 1470; x_wconf 78' lang='lat' dir='ltr'><strong>utcummgcingratiam</strong></span> <span class='ocrx_word' id='word_1_111' title='bbox 460 1395 564 1451; x_wconf 88' lang='lat' dir='ltr'><strong>rediret.</strong></span> <span class='ocrx_word' id='word_1_112' title='bbox 603 1399 628 1449; x_wconf 90' lang='grc'><strong>6.</strong></span> <span class='ocrx_word' id='word_1_113' title='bbox 649 1394 734 1460; x_wconf 90' lang='lat' dir='ltr'><strong>Quam</strong></span> <span class='ocrx_word' id='word_1_114' title='bbox 749 1393 849 1450; x_wconf 85' lang='lat' dir='ltr'><strong>illeetsi</strong></span> 
     </span>
     <span class='ocr_line' id='line_1_18' title="bbox 59 1468 851 1542; baseline -0.003 -17"><span class='ocrx_word' id='word_1_115' title='bbox 59 1468 197 1527; x_wconf 70' lang='lat' dir='ltr'><strong>Memnon</strong></span> <span class='ocrx_word' id='word_1_116' title='bbox 206 1468 391 1542; x_wconf 69' lang='lat' dir='ltr'><strong>imputabat,</strong></span> <span class='ocrx_word' id='word_1_117' title='bbox 406 1478 492 1527; x_wconf 72' lang='lat' dir='ltr'><strong>umen</strong></span> <span class='ocrx_word' id='word_1_118' title='bbox 503 1469 678 1526; x_wconf 90' lang='lat' dir='ltr'><strong>conditionem</strong></span> <span class='ocrx_word' id='word_1_119' title='bbox 687 1470 797 1541; x_wconf 87' lang='lat' dir='ltr'><strong>accepit,</strong></span> <span class='ocrx_word' id='word_1_120' title='bbox 810 1487 851 1524; x_wconf 85' lang='lat' dir='ltr'><strong>se-</strong></span> 
     </span>
     <span class='ocr_line' id='line_1_19' title="bbox 59 1542 851 1619; baseline -0.004 -18"><span class='ocrx_word' id='word_1_121' title='bbox 59 1560 110 1617; x_wconf 74' lang='lat' dir='ltr'><strong>tpuo</strong></span> <span class='ocrx_word' id='word_1_122' title='bbox 120 1542 155 1601; x_wconf 82' lang='lat' dir='ltr'><strong>ad</strong></span> <span class='ocrx_word' id='word_1_123' title='bbox 167 1543 338 1602; x_wconf 74' lang='lat' dir='ltr'><strong>Artaxerxem</strong></span> <span class='ocrx_word' id='word_1_124' title='bbox 352 1544 449 1619; x_wconf 86' lang='lat' dir='ltr'><strong>legatos</strong></span> <span class='ocrx_word' id='word_1_125' title='bbox 463 1546 608 1601; x_wconf 87' lang='lat' dir='ltr'><strong>missurum</strong></span> <span class='ocrx_word' id='word_1_126' title='bbox 622 1544 700 1600; x_wconf 81' lang='lat' dir='ltr'><strong>dixit.</strong></span> <span class='ocrx_word' id='word_1_127' title='bbox 739 1544 783 1600; x_wconf 88' lang='lat' dir='ltr'><strong>Sic</strong></span> <span class='ocrx_word' id='word_1_128' title='bbox 795 1544 851 1600; x_wconf 88' lang='lat' dir='ltr'><strong>bel-</strong></span> 
     </span>
     <span class='ocr_line' id='line_1_20' title="bbox 59 1616 849 1692; baseline 0.001 -18"><span class='ocrx_word' id='word_1_129' title='bbox 59 1616 119 1685; x_wconf 87' lang='lat' dir='ltr'><strong>lum,</strong></span> <span class='ocrx_word' id='word_1_130' title='bbox 216 1618 397 1675; x_wconf 86' lang='lat' dir='ltr'><strong>rexadversus</strong></span> <span class='ocrx_word' id='word_1_131' title='bbox 406 1620 849 1692; x_wconf 85' lang='lat' dir='ltr'><strong>Datamemsuscepemt,scdatum.</strong></span> 
     </span>
     <span class='ocr_line' id='line_1_21' title="bbox 59 1692 604 1769; baseline 0.002 -20"><span class='ocrx_word' id='word_1_132' title='bbox 59 1692 140 1767; x_wconf 72' lang='lat' dir='ltr'><strong>iutop</strong></span> <span class='ocrx_word' id='word_1_133' title='bbox 223 1702 261 1749; x_wconf 79' lang='lat' dir='ltr'><strong>tos</strong></span> <span class='ocrx_word' id='word_1_134' title='bbox 270 1694 298 1749; x_wconf 93' lang='lat' dir='ltr'><strong>in</strong></span> <span class='ocrx_word' id='word_1_135' title='bbox 308 1695 451 1769; x_wconf 81' lang='lat' dir='ltr'><strong>Phrygiam</strong></span> <span class='ocrx_word' id='word_1_136' title='bbox 461 1714 490 1750; x_wconf 91' lang='lat' dir='ltr'><strong>se</strong></span> <span class='ocrx_word' id='word_1_137' title='bbox 499 1696 604 1767; x_wconf 88' lang='lat' dir='ltr'><strong>recepit.</strong></span> 
     </span>
    </p>

    <p class='ocr_par' dir='ltr' id='par_1_3' title="bbox 59 1768 853 2441">
     <span class='ocr_line' id='line_1_22' title="bbox 105 1768 850 1841; baseline -0.003 -16"><span class='ocrx_word' id='word_1_138' title='bbox 105 1770 158 1825; x_wconf 84' lang='lat' dir='ltr'><strong>IX.</strong></span> <span class='ocrx_word' id='word_1_139' title='bbox 177 1768 215 1825; x_wconf 76' lang='lat' dir='ltr'><strong>dt</strong></span> <span class='ocrx_word' id='word_1_140' title='bbox 225 1786 286 1833; x_wconf 88' lang='lat' dir='ltr'><strong>rex,</strong></span> <span class='ocrx_word' id='word_1_141' title='bbox 306 1769 378 1841; x_wconf 90' lang='lat' dir='ltr'><strong>quod</strong></span> <span class='ocrx_word' id='word_1_142' title='bbox 392 1770 557 1841; x_wconf 84' lang='lat' dir='ltr'><strong>implacabile</strong></span> <span class='ocrx_word' id='word_1_143' title='bbox 569 1770 660 1825; x_wconf 89' lang='lat' dir='ltr'><strong>odium</strong></span> <span class='ocrx_word' id='word_1_144' title='bbox 676 1770 703 1823; x_wconf 92' lang='lat' dir='ltr'><strong>in</strong></span> <span class='ocrx_word' id='word_1_145' title='bbox 718 1770 850 1824; x_wconf 89' lang='lat' dir='ltr'><strong>Datamcm</strong></span> 
     </span>
     <span class='ocr_line' id='line_1_23' title="bbox 59 1844 852 1917; baseline -0.004 -16"><span class='ocrx_word' id='word_1_146' title='bbox 59 1850 217 1917; x_wconf 65' lang='lat' dir='ltr'><strong>matut,</strong></span> <span class='ocrx_word' id='word_1_147' title='bbox 236 1852 384 1915; x_wconf 83' lang='lat' dir='ltr'><strong>postquam</strong></span> <span class='ocrx_word' id='word_1_148' title='bbox 403 1844 471 1900; x_wconf 89' lang='lat' dir='ltr'><strong>bello</strong></span> <span class='ocrx_word' id='word_1_149' title='bbox 490 1862 552 1900; x_wconf 86' lang='lat' dir='ltr'><strong>sum</strong></span> <span class='ocrx_word' id='word_1_150' title='bbox 571 1845 685 1916; x_wconf 87' lang='lat' dir='ltr'><strong>opprimi</strong></span> <span class='ocrx_word' id='word_1_151' title='bbox 704 1861 756 1898; x_wconf 91' lang='lat' dir='ltr'><strong>non</strong></span> <span class='ocrx_word' id='word_1_152' title='bbox 776 1861 852 1915; x_wconf 89' lang='lat' dir='ltr'><strong>posse</strong></span> 
     </span>
     <span class='ocr_line' id='line_1_24' title="bbox 59 1916 852 1990; baseline -0.003 -15"><span class='ocrx_word' id='word_1_153' title='bbox 59 1916 247 1984; x_wconf 75' lang='lat' dir='ltr'><strong>animadvortit,</strong></span> <span class='ocrx_word' id='word_1_154' title='bbox 259 1918 363 1973; x_wconf 88' lang='lat' dir='ltr'><strong>insidiis</strong></span> <span class='ocrx_word' id='word_1_155' title='bbox 376 1919 520 1975; x_wconf 85' lang='lat' dir='ltr'><strong>interficere</strong></span> <span class='ocrx_word' id='word_1_156' title='bbox 527 1918 641 1974; x_wconf 88' lang='lat' dir='ltr'><strong>studuit:</strong></span> <span class='ocrx_word' id='word_1_157' title='bbox 663 1936 730 1990; x_wconf 88' lang='lat' dir='ltr'><strong>quas</strong></span> <span class='ocrx_word' id='word_1_158' title='bbox 743 1917 788 1973; x_wconf 90' lang='lat' dir='ltr'><strong>ille</strong></span> <span class='ocrx_word' id='word_1_159' title='bbox 797 1919 852 1990; x_wconf 87' lang='lat' dir='ltr'><strong>ple-</strong></span> 
     </span>
     <span class='ocr_line' id='line_1_25' title="bbox 59 1992 853 2067; baseline 0 -20"><span class='ocrx_word' id='word_1_160' title='bbox 59 2008 150 2067; x_wconf 76' lang='lat' dir='ltr'><strong>mque</strong></span> <span class='ocrx_word' id='word_1_161' title='bbox 158 1992 261 2049; x_wconf 82' lang='lat' dir='ltr'><strong>vitavit.</strong></span> <span class='ocrx_word' id='word_1_162' title='bbox 289 1996 317 2050; x_wconf 75' lang='lat'><strong>2.</strong></span> <span class='ocrx_word' id='word_1_163' title='bbox 337 1993 418 2060; x_wconf 87' lang='lat' dir='ltr'><strong>Siout,</strong></span> <span class='ocrx_word' id='word_1_164' title='bbox 429 2012 514 2066; x_wconf 87' lang='lat' dir='ltr'><strong>quum</strong></span> <span class='ocrx_word' id='word_1_165' title='bbox 524 1994 673 2050; x_wconf 89' lang='lat' dir='ltr'><strong>nuntiatum</strong></span> <span class='ocrx_word' id='word_1_166' title='bbox 684 2000 759 2058; x_wconf 86' lang='lat' dir='ltr'><strong>esset,</strong></span> <span class='ocrx_word' id='word_1_167' title='bbox 771 2011 853 2066; x_wconf 88' lang='lat' dir='ltr'><strong>quos-</strong></span> 
     </span>
     <span class='ocr_line' id='line_1_26' title="bbox 59 2064 852 2141; baseline 0 -18"><span class='ocrx_word' id='word_1_168' title='bbox 59 2064 178 2123; x_wconf 80' lang='lat' dir='ltr'><strong>dnmaibi</strong></span> <span class='ocrx_word' id='word_1_169' title='bbox 187 2066 322 2134; x_wconf 90' lang='lat' dir='ltr'><strong>insidiari,</strong></span> <span class='ocrx_word' id='word_1_170' title='bbox 338 2069 385 2140; x_wconf 92' lang='lat' dir='ltr'><strong>qui</strong></span> <span class='ocrx_word' id='word_1_171' title='bbox 401 2069 427 2122; x_wconf 92' lang='lat' dir='ltr'><strong>in</strong></span> <span class='ocrx_word' id='word_1_172' title='bbox 443 2070 586 2124; x_wconf 90' lang='lat' dir='ltr'><strong>amicorum</strong></span> <span class='ocrx_word' id='word_1_173' title='bbox 600 2077 673 2123; x_wconf 90' lang='lat' dir='ltr'><strong>erant</strong></span> <span class='ocrx_word' id='word_1_174' title='bbox 687 2085 797 2124; x_wconf 86' lang='lat' dir='ltr'><strong>numero</strong></span> <span class='ocrx_word' id='word_1_175' title='bbox 811 2068 852 2141; x_wconf 85' lang='lat' dir='ltr'><strong>(de</strong></span> 
     </span>
     <span class='ocr_line' id='line_1_27' title="bbox 59 2142 852 2215; baseline 0 -16"><span class='ocrx_word' id='word_1_176' title='bbox 59 2142 164 2215; x_wconf 77' lang='lat' dir='ltr'><strong>pibus,</strong></span> <span class='ocrx_word' id='word_1_177' title='bbox 175 2142 249 2215; x_wconf 90' lang='lat' dir='ltr'><strong>quod</strong></span> <span class='ocrx_word' id='word_1_178' title='bbox 258 2143 358 2197; x_wconf 86' lang='lat' dir='ltr'><strong>inimici</strong></span> <span class='ocrx_word' id='word_1_179' title='bbox 369 2142 526 2207; x_wconf 87' lang='lat' dir='ltr'><strong>detulerant,</strong></span> <span class='ocrx_word' id='word_1_180' title='bbox 538 2160 624 2215; x_wconf 88' lang='lat' dir='ltr'><strong>neque</strong></span> <span class='ocrx_word' id='word_1_181' title='bbox 637 2142 795 2198; x_wconf 87' lang='lat' dir='ltr'><strong>credendum</strong></span> <span class='ocrx_word' id='word_1_182' title='bbox 806 2162 852 2199; x_wconf 91' lang='lat' dir='ltr'><strong>nc·</strong></span> 
     </span>
     <span class='ocr_line' id='line_1_28' title="bbox 60 2216 853 2291; baseline 0 -20"><span class='ocrx_word' id='word_1_183' title='bbox 60 2230 107 2289; x_wconf 73' lang='lat' dir='ltr'><strong>qn</strong></span> <span class='ocrx_word' id='word_1_184' title='bbox 118 2216 310 2291; x_wconf 78' lang='lat' dir='ltr'><strong>negligendum</strong></span> <span class='ocrx_word' id='word_1_185' title='bbox 323 2218 446 2291; x_wconf 80' lang='lat' dir='ltr'><strong>putavit),</strong></span> <span class='ocrx_word' id='word_1_186' title='bbox 467 2218 578 2289; x_wconf 85' lang='lat' dir='ltr'><strong>experiri</strong></span> <span class='ocrx_word' id='word_1_187' title='bbox 588 2217 684 2282; x_wconf 88' lang='lat' dir='ltr'><strong>voluit,</strong></span> <span class='ocrx_word' id='word_1_188' title='bbox 701 2236 792 2273; x_wconf 88' lang='lat' dir='ltr'><strong>verum</strong></span> <span class='ocrx_word' id='word_1_189' title='bbox 803 2217 853 2273; x_wconf 85' lang='lat' dir='ltr'><strong>lal-</strong></span> 
     </span>
     <span class='ocr_line' id='line_1_29' title="bbox 60 2291 851 2365; baseline -0.004 -18"><span class='ocrx_word' id='word_1_190' title='bbox 60 2306 152 2347; x_wconf 84' lang='lat' dir='ltr'><strong>tumno</strong></span> <span class='ocrx_word' id='word_1_191' title='bbox 163 2299 233 2347; x_wconf 86' lang='lat' dir='ltr'><strong>essct</strong></span> <span class='ocrx_word' id='word_1_192' title='bbox 245 2291 366 2347; x_wconf 91' lang='lat' dir='ltr'><strong>relatum.</strong></span> <span class='ocrx_word' id='word_1_193' title='bbox 405 2297 431 2348; x_wconf 85' lang='lat'><strong>3.</strong></span> <span class='ocrx_word' id='word_1_194' title='bbox 452 2294 542 2365; x_wconf 87' lang='lat' dir='ltr'><strong>ltaque</strong></span> <span class='ocrx_word' id='word_1_195' title='bbox 555 2310 585 2347; x_wconf 90' lang='lat' dir='ltr'><strong>eo</strong></span> <span class='ocrx_word' id='word_1_196' title='bbox 599 2291 727 2364; x_wconf 85' lang='lat' dir='ltr'><strong>proiectus</strong></span> <span class='ocrx_word' id='word_1_197' title='bbox 746 2303 797 2357; x_wconf 87' lang='lat' dir='ltr'><strong>est,</strong></span> <span class='ocrx_word' id='word_1_198' title='bbox 824 2293 851 2345; x_wconf 89' lang='lat' dir='ltr'><strong>in</strong></span> 
     </span>
     <span class='ocr_line' id='line_1_30' title="bbox 61 2364 852 2441; baseline -0.005 -18"><span class='ocrx_word' id='word_1_199' title='bbox 61 2380 108 2437; x_wconf 73' lang='lat' dir='ltr'><strong>qut</strong></span> <span class='ocrx_word' id='word_1_200' title='bbox 121 2366 217 2423; x_wconf 84' lang='lat' dir='ltr'><strong>itincre</strong></span> <span class='ocrx_word' id='word_1_201' title='bbox 229 2364 330 2422; x_wconf 83' lang='lat' dir='ltr'><strong>futuras</strong></span> <span class='ocrx_word' id='word_1_202' title='bbox 348 2367 459 2423; x_wconf 91' lang='lat' dir='ltr'><strong>insidias</strong></span> <span class='ocrx_word' id='word_1_203' title='bbox 473 2367 602 2422; x_wconf 86' lang='lat' dir='ltr'><strong>dixerant.</strong></span> <span class='ocrx_word' id='word_1_204' title='bbox 641 2368 692 2423; x_wconf 90' lang='lat' dir='ltr'><strong>Sed</strong></span> <span class='ocrx_word' id='word_1_205' title='bbox 705 2368 782 2441; x_wconf 83' lang='lat' dir='ltr'><strong>elegit</strong></span> <span class='ocrx_word' id='word_1_206' title='bbox 795 2383 852 2420; x_wconf 78' lang='lat' dir='ltr'><strong>catr-</strong></span> 
     </span>
    </p>
   </div>
   <div class='ocr_carea' id='block_1_3' title="bbox 61 2441 853 2737">
    <p class='ocr_par' dir='ltr' id='par_1_4' title="bbox 61 2441 853 2737">
     <span class='ocr_line' id='line_1_31' title="bbox 61 2441 850 2571; baseline -0.009 -72"><span class='ocrx_word' id='word_1_207' title='bbox 61 2450 155 2571; x_wconf 57' lang='lat' dir='ltr'><strong>ffiet</strong></span> <span class='ocrx_word' id='word_1_208' title='bbox 166 2450 266 2496; x_wconf 84' lang='lat' dir='ltr'><strong>statura</strong></span> <span class='ocrx_word' id='word_1_209' title='bbox 279 2441 447 2498; x_wconf 90' lang='lat' dir='ltr'><strong>simillimum</strong></span> <span class='ocrx_word' id='word_1_210' title='bbox 460 2443 517 2508; x_wconf 89' lang='lat' dir='ltr'><strong>sui,</strong></span> <span class='ocrx_word' id='word_1_211' title='bbox 538 2443 616 2515; x_wconf 90' lang='lat' dir='ltr'><strong>eique</strong></span> <span class='ocrx_word' id='word_1_212' title='bbox 629 2443 754 2498; x_wconf 89' lang='lat' dir='ltr'><strong>vestitum</strong></span> <span class='ocrx_word' id='word_1_213' title='bbox 771 2457 850 2495; x_wconf 80' lang='lat' dir='ltr'><strong>surim</strong></span> 
     </span>
     <span class='ocr_line' id='line_1_32' title="bbox 106 2514 850 2591; baseline -0.007 -19"><span class='ocrx_word' id='word_1_214' title='bbox 106 2516 138 2583; x_wconf 83' lang='lat' dir='ltr'><strong>&#39;t‚</strong></span> <span class='ocrx_word' id='word_1_215' title='bbox 154 2524 235 2588; x_wconf 83' lang='lat' dir='ltr'><strong>atque</strong></span> <span class='ocrx_word' id='word_1_216' title='bbox 248 2532 278 2571; x_wconf 91' lang='lat' dir='ltr'><strong>eo</strong></span> <span class='ocrx_word' id='word_1_217' title='bbox 291 2515 347 2573; x_wconf 93' lang='lat' dir='ltr'><strong>loco</strong></span> <span class='ocrx_word' id='word_1_218' title='bbox 361 2518 411 2584; x_wconf 84' lang='lat' dir='ltr'><strong>irc,</strong></span> <span class='ocrx_word' id='word_1_219' title='bbox 427 2533 481 2591; x_wconf 94' lang='lat' dir='ltr'><strong>quo</strong></span> <span class='ocrx_word' id='word_1_220' title='bbox 495 2516 503 2571; x_wconf 95' lang='lat' dir='ltr'><strong>i</strong></span> <span class='ocrx_word' id='word_1_221' title='bbox 564 2525 745 2581; x_wconf 90' lang='lat' dir='ltr'><strong>consueverat,</strong></span> <span class='ocrx_word' id='word_1_222' title='bbox 763 2514 850 2568; x_wconf 87' lang='lat' dir='ltr'><strong>iussit.</strong></span> 
     </span>
     <span class='ocr_line' id='line_1_33' title="bbox 61 2534 852 2667; baseline -0.008 -20"><span class='ocrx_word' id='word_1_223' title='bbox 61 2586 113 2661; x_wconf 73' lang='lat' dir='ltr'><strong>lpas</strong></span> <span class='ocrx_word' id='word_1_224' title='bbox 129 2598 221 2647; x_wconf 87' lang='lat' dir='ltr'><strong>autem</strong></span> <span class='ocrx_word' id='word_1_225' title='bbox 238 2600 331 2647; x_wconf 90' lang='lat' dir='ltr'><strong>ornatu</strong></span> <span class='ocrx_word' id='word_1_226' title='bbox 345 2534 633 2667; x_wconf 55' lang='lat' dir='ltr'><strong>[vestituqueffiilitari</strong></span> <span class='ocrx_word' id='word_1_227' title='bbox 654 2593 721 2646; x_wconf 88' lang='lat' dir='ltr'><strong>inter</strong></span> <span class='ocrx_word' id='word_1_228' title='bbox 738 2589 852 2661; x_wconf 88' lang='lat' dir='ltr'><strong>corporis</strong></span> 
     </span>
     <span class='ocr_line' id='line_1_34' title="bbox 61 2664 853 2737; baseline -0.009 -12"><span class='ocrx_word' id='word_1_229' title='bbox 61 2664 447 2737; x_wconf 66' lang='lat' dir='ltr'><strong>mausiacensem.</strong></span> <span class='ocrx_word' id='word_1_230' title='bbox 486 2671 512 2723; x_wconf 80' lang='lat' dir='ltr'><strong>i.</strong></span> <span class='ocrx_word' id='word_1_231' title='bbox 532 2668 566 2724; x_wconf 80' lang='lat' dir='ltr'><strong>tt</strong></span> <span class='ocrx_word' id='word_1_232' title='bbox 584 2666 761 2732; x_wconf 87' lang='lat' dir='ltr'><strong>insidiatores,</strong></span> <span class='ocrx_word' id='word_1_233' title='bbox 783 2672 853 2737; x_wconf 87' lang='lat' dir='ltr'><strong>post·</strong></span> 
     </span>
    </p>
   </div>
   <div class='ocr_carea' id='block_1_4' title="bbox 0 0 961 3066">
    <p class='ocr_par' dir='ltr' id='par_1_5' title="bbox 0 0 961 3066">
     <span class='ocr_line' id='line_1_35' title="bbox 0 0 961 3066; baseline 0 0"><span class='ocrx_word' id='word_1_234' title='bbox 0 0 961 3066; x_wconf 95' lang='lat' dir='ltr'><strong> </strong></span> 
     </span>
    </p>
   </div>
  </div>
 </body>
</html>
