1896 3292
169 418 285 477 XIIIII.
303 414 502 476 EIIIIENES.
522 415 607 474 CAP.
627 416 697 475 XII.
717 416 803 475 XIII.
854 423 888 478 89

77 532 109 591 in
119 540 275 603 sumtuum
285 533 388 587 intentet
397 524 520 585 ventres?
550 530 577 584 t.
597 527 666 583 Iluic
676 528 819 598 Eumenes,
834 538 890 589 utt-

77 626 143 665 num
159 612 264 679 quidm
279 610 351 663 etad
366 608 504 661 meumst!
521 603 679 661 &decaron
692 611 803 671 accidit,
821 613 890 677 qarod

78 702 225 755 numquam
237 702 296 739 cum
306 687 416 753 fortiore
426 699 485 737 sum
497 698 657 750 concrescere.
681 681 742 738 Nou
751 687 819 737 enim
832 702 890 739 cum

79 778 214 833 quoquam
224 778 302 815 arma
314 761 421 823 contuli,
435 764 499 828 quin
511 762 535 812 is
547 761 611 812 mibi
621 761 796 814 succubuerit.
830 761 890 816 Non

79 844 150 891 mrim
168 840 268 891 virtuts
287 838 411 899 bostium,
433 838 480 889 ted
499 838 644 890 amicorum
660 838 776 904 perfidia
795 839 888 892 decidi.

80 908 187 987 [Neque
204 910 232 965 id
250 908 357 966 Iaisum.
396 910 465 964 Nam
478 917 504 965 et
516 910 643 985 dignitato
660 909 711 964 suit
722 910 845 976 honesta,
865 918 891 967 et

79 986 187 1043 viribus
197 986 231 1041 ad
241 984 357 1042 laborem
365 982 504 1041 ferendum
518 986 613 1054 firmis,
625 1003 713 1061 neque
724 994 778 1042 tam
792 1004 890 1062 magno

78 1078 198 1137 corpore,
212 1080 295 1135 quam
308 1062 394 1138 figura
407 1060 540 1138 venusta]

133 1140 200 1195 XII.
218 1140 257 1193 De
268 1138 318 1195 hoc
325 1138 475 1212 Antigonus
485 1156 572 1211 quum
582 1136 655 1194 solus
667 1139 826 1197 constituere
835 1157 889 1196 non

78 1212 197 1281 auderet,
211 1213 247 1269 ad
258 1214 400 1271 oonsiIium
413 1214 511 1270 retulit.
540 1216 589 1270 Hic
599 1232 687 1287 quum
698 1216 820 1289 plerique
831 1234 890 1272 om·

79 1308 126 1347 nes
135 1290 227 1365 primo
235 1291 379 1363 perturbati
388 1289 591 1355 admirarentur,
604 1307 657 1347 non
668 1291 721 1346 iam
731 1291 805 1348 deco
814 1310 890 1348 sum-

78 1372 137 1423 tum
149 1383 210 1423 esse
221 1365 394 1439 supplicium,
406 1384 421 1421 a
431 1383 486 1440 quo
498 1374 535 1422 tot
547 1383 631 1423 annos
643 1366 708 1421 adeo
720 1376 807 1423 essent
820 1367 890 1423 maie

78 1440 174 1511 babiti,
189 1449 222 1499 ut
232 1460 311 1515 saepe
322 1442 357 1498 ad
368 1443 576 1515 desperationem
589 1441 806 1511 serent-adducti;
826 1444 889 1515 qui-

78 1536 133 1593 que
148 1518 284 1575 maximos
300 1518 381 1574 duces
399 1517 582 1587 interfecisset3
615 1520 643 1573 2.
663 1515 779 1589 denique
791 1518 820 1573 in
833 1535 889 1590 quo

77 1610 135 1651 uno
149 1602 221 1653 esset
236 1602 354 1660 tantum,
373 1601 416 1658 ut,
436 1592 526 1666 quoad
542 1592 587 1648 ilie
603 1592 717 1658 viveret,
737 1592 789 1664 iusi
801 1595 888 1648 securi

76 1686 140 1727 esee
149 1686 205 1729 non
216 1678 337 1743 possent,
357 1667 503 1735 interiecto,
522 1667 590 1727 nihil
605 1667 723 1724 habituri
736 1669 833 1743 negotii
846 1686 889 1724 es·

79 1754 152 1803 mut:
175 1754 324 1821 postremo,
342 1745 367 1800 si
380 1744 420 1801 illi
432 1745 551 1800 redderet
566 1743 694 1811 salutem,
714 1746 885 1818 quaerebant,

77 1822 182 1897 quibus
198 1822 292 1877 amicis
307 1828 377 1878 esset
393 1819 512 1877 usurus?
529 1838 587 1876 sese
602 1837 675 1877 enim
692 1837 755 1876 oum
767 1822 889 1878 Eumene

74 1896 152 1973 apud
162 1914 229 1955 eum
240 1914 295 1955 non
307 1897 424 1954 futuros:
449 1901 475 1953 3.
490 1896 542 1963 hic,
557 1897 662 1971 cognita
674 1896 777 1952 consilii
791 1897 887 1954 voiun-

76 1980 145 2041 tate,
163 1980 255 2031 nmen
266 1972 400 2047 usquead
412 1973 556 2044 septimum
570 1972 641 2027 diem
658 1972 822 2028 deliberandi
834 1975 887 2029 sibi

75 2050 199 2125 spatium
214 2047 332 2124 reliquit.
371 2050 441 2105 Tum
454 2056 556 2115 autem,
575 2066 662 2121 quum
676 2048 730 2103 iam
744 2058 885 2116 vereretur,

76 2144 111 2183 ne
122 2144 181 2199 qua
194 2124 287 2181 seditio
298 2125 428 2181 exercitus
440 2126 561 2190 oriretur,
573 2124 657 2180 vetuit
670 2124 705 2179 ad
717 2142 779 2180 eum
791 2142 888 2197 quem·

75 2220 163 2277 quem
175 2200 294 2268 admitti,
313 2213 339 2256 et
350 2200 537 2274 quotidianum
549 2200 651 2255 victum
668 2201 784 2256 amoveri
798 2201 885 2257 iussit.

74 2278 147 2335 Nam
159 2276 283 2352 negabat,
295 2294 324 2332 se
335 2277 360 2332 ei
372 2277 429 2333 vim
441 2276 594 2341 allaturum,
606 2275 655 2349 qui
667 2275 812 2349 aliquando
821 2276 888 2333 iuis-

73 2362 116 2411 oet
124 2353 242 2409 amicus.
262 2355 289 2409 t.
302 2353 447 2409 IIietamcn
458 2370 511 2408 non
522 2351 647 2424 amplius,
659 2370 742 2426 quam
754 2353 884 2418 triduum,

74 2426 148 2485 inme
159 2427 296 2503 fatigatus,
309 2446 397 2502 quum
409 2437 494 2484 castre
505 2438 683 2495 moverentur,
696 2429 822 2485 insciente
831 2430 887 2484 An-

74 2506 179 2581 tigono,
195 2503 332 2579 iugulatus
344 2512 383 2561 est
394 2523 410 2560 a
423 2504 588 2560 custodibus.

132 2580 209 2637 XIII.
233 2580 278 2635 Sic
292 2581 425 2636 Eumenes
443 2597 575 2636 annorum
592 2581 713 2655 quinque
730 2586 756 2636 et
771 2576 887 2651 quadra-

74 2656 167 2731 ginta,
186 2673 273 2729 quum
286 2657 321 2711 ab
333 2674 403 2712 nnno
415 2657 555 2724 vicesimo,
574 2665 606 2712 ut
617 2675 698 2730 supra
709 2655 884 2720 ostendimus,

74 2740 180 2805 septem
196 2749 282 2787 annos
294 2732 417 2805 Phiiippo
434 2733 612 2805 adparuisset,
632 2742 657 2788 et
673 2730 797 2788 tredecim
813 2728 887 2803 apud

73 2806 263 2865 Alexandrum
275 2808 400 2865 eumdem
413 2808 502 2866 locum
514 2809 685 2873 obtinuisset,
700 2807 728 2861 in
741 2805 784 2860 his
797 2822 886 2862 unum

74 2884 201 2957 equitum
213 2882 271 2939 else
282 2882 450 2956 praescisset,
466 2892 525 2957 post
538 2892 627 2941 eutem
638 2880 783 2939 Alexandri
794 2883 886 2938 unani

77 2968 191 3017 morem
204 2958 347 3033 imperator
358 2960 489 3018 exercitus
500 2960 639 3027 duxisset,
650 2974 834 3031 summumne
858 2974 897 3011 u-
