1896 3292
77 177 110 234 ee
211 172 296 233 xxa.
314 156 666 233 nannetensem.
686 172 742 231 ru.

75 285 487 434 lltdlulfttt‘tldlt
499 284 869 436 lltllsslqllffilffla

75 437 194 493 Romano
205 437 323 494 bellavit.
361 438 485 511 lequum
497 439 582 511 Argos
593 436 723 509 oppidum
740 454 869 522 oppugna

75 513 159 569 retia
178 512 368 586 Peloponneso,
387 511 475 585 lapide
491 514 558 568 ictus
576 512 683 567 interiit.
723 512 800 568 Unus
817 522 869 567 rteu

74 586 190 654 Siculus,
202 589 344 664 Dionysius
356 588 438 660 prior.
467 589 536 643 Nam
547 595 573 643 et
584 605 667 644 manu
679 586 765 654 fortis,
779 595 805 643 et
816 585 869 643 bell

74 666 175 736 peritus
187 662 251 730 luit,
268 673 307 730 et,
326 663 354 719 id
366 662 440 737 quod
450 663 480 719 in
492 672 605 740 tyranno
617 681 669 719 non
687 662 766 719 lacile
781 661 869 736 reperi

74 747 132 805 tur,
148 738 258 795 minime
270 738 442 806 libidinosus,
457 756 511 795 non
524 738 688 805 luxuriosus,
702 755 759 795 non
771 755 869 805 averna

74 814 177 870 nullius
186 813 301 887 denique
309 815 346 870 rei
356 814 479 888 cupidus,
489 815 542 871 nisi
551 813 696 891 singularis
704 815 869 887 perpetuique

74 890 251 1021 lltlldt
260 906 374 1022 llll:
384 889 582 1039 {wille
602 891 684 1038 ,lit
696 889 869 1021 dudd

75 1049 156 1097 torem
174 1048 287 1114 putaret.
326 1045 352 1098 ³.
372 1043 421 1096 llic
432 1058 519 1116 quum
530 1041 627 1097 virtute
642 1040 813 1116 tyrannidem
823 1036 869 1095 aila'

75 1116 231 1190 peperisset,
249 1134 347 1192 magna
363 1117 472 1173 retinuit
488 1114 621 1183 felicitate,
639 1116 869 1207 maiorquefm

75 1192 424 1342 letaldum
430 1191 869 1340 Ptltmlad‘utffi

75 1361 109 1399 ex
122 1345 207 1401 tribus
221 1345 351 1401 uxoribus
363 1344 460 1400 liberm
468 1349 636 1417 procreasset,
647 1282 869 1417 multiquesfl'

77 1428 163 1475 essent
176 1438 209 1476 ne
244 1429 291 1476 tes.

130 1497 176 1550 ΙΙΙ.
196 1438 316 1551 deerunt
326 1501 456 1567 praeterea
471 1492 551 1550 multi
566 1510 641 1568 reges
656 1508 692 1549 ex
707 1492 803 1549 amicis
816 1488 869 1555 Ale:

76 1568 172 1624 xandri
184 1570 283 1644 Magni,
298 1571 346 1643 qni
358 1578 418 1642 post
429 1570 532 1625 obitum
544 1569 602 1625 eius
614 1568 726 1641 imperia
737 1572 869 1643 oeperunt:

76 1644 105 1699 in
123 1644 167 1699 hia
178 1645 341 1718 Antigonus,
360 1652 386 1699 et
402 1645 484 1700 huius
497 1644 569 1702 lilius
581 1644 742 1711 Demetrius,
757 1643 869 1719 Lysinoe

76 1719 153 1785 chue,
167 1718 301 1787 Seleucus,
317 1718 489 1775 Ptolemaeus.
527 1724 555 1778 2.
575 1720 617 1775 Ex
631 1720 674 1775 hie
686 1716 869 1795 Antigonusllt

76 1794 183 1868 proelio,
198 1813 284 1870 quum
296 1794 423 1851 adversus
432 1795 571 1852 Seleucum
581 1782 869 1869 Lysimachunrquedl!

76 1872 193 1936 micaret,
207 1872 309 1928 occisus
321 1879 369 1928 est.
399 1872 458 1927 Pari
472 1872 522 1928 leto
534 1871 639 1926 allectus
651 1878 690 1925 eet
703 1868 869 1944 Lysimachea

77 1946 221 2004 eSeleuno.
260 1949 342 2013 Nem,
361 1948 481 2004 meletate
496 1946 637 2012 dissoluta,
656 1943 759 2001 bellum
772 1946 869 2005 inm

76 2031 223 2095 gessenrm.
263 2026 290 2079 3.
310 2024 345 2079 At
356 2024 516 2089 Demetrius,
535 2039 621 2096 quum
638 2020 721 2076 filiam
738 2038 817 2077 suam
832 2018 869 2075 Se

77 2097 151 2153 lcum
169 2099 196 2154 in
213 2099 414 2155 matrimonium
431 2098 557 2164 dedisset,
576 2114 663 2170 neque
678 2112 709 2152 eo
725 2097 815 2173 magis
827 2092 869 2151 ud

76 2173 144 2229 inter
156 2190 200 2247 eos
212 2175 326 2230 amicitie
336 2193 442 2231 manere
456 2174 590 2248 potuisset,
602 2180 693 2245 ceptus
703 2170 782 2236 bello,
795 2171 823 2226 in
833 2186 869 2225 cu

76 2249 160 2304 stedia
172 2266 244 2305 socer
256 2252 345 2324 generi
359 2252 436 2323 periit
453 2250 554 2306 morbo.
593 2250 619 2303 l.
640 2249 732 2319 Neque
746 2248 781 2301 ita
796 2244 869 2302 mult(

76 2334 136 2397 post
145 2324 294 2382 Seleucusa
305 2325 450 2382 Ptolemaeo
461 2326 581 2381 Cerauno
592 2321 653 2378 dolo
664 2320 816 2377 interiectus
826 2322 869 2377 eet.

77 2417 158 2472 quaem
181 2399 256 2455 lllea
278 2411 350 2473 petre
371 2401 513 2473 expulsum
531 2397 708 2462 Alexandrea,
732 2396 869 2452 alienaruu'

77 2492 159 2546 opum
172 2475 344 2551 indigentem,
360 2483 499 2548 receperat.
534 2475 592 2545 lpse
605 2482 691 2528 autem
705 2472 869 2528 Ptolemaeus

77 2567 163 2622 quum
176 2552 256 2606 vivus
270 2552 324 2606 silio
336 2568 449 2626 regnum
463 2549 620 2614 tradidisset,
632 2547 720 2604 abillo
733 2544 826 2603 eodem
839 2542 869 2601 vl

77 2633 104 2679 ta
120 2626 239 2696 privatus
256 2626 362 2682 dieitur.
402 2629 428 2681 u.
448 2627 485 2680 De
500 2625 601 2698 qrribus
617 2623 745 2696 quoniam
762 2618 869 2685 setisdi

75 2708 147 2755 ctum
161 2710 307 2774 putamus,
322 2718 381 2782 ¹uon
394 2700 593 2759 incommodum
604 2698 722 2768 videtur,
738 2714 792 2757 uon
804 2705 869 2774 pm
