<?xml version="1.0" encoding="UTF-8"?>
<!DOCTYPE html PUBLIC "-//W3C//DTD XHTML 1.0 Transitional//EN"
    "http://www.w3.org/TR/xhtml1/DTD/xhtml1-transitional.dtd">
<html xmlns="http://www.w3.org/1999/xhtml" xml:lang="en" lang="en">
 <head>
  <title>
</title>
<meta http-equiv="Content-Type" content="text/html;charset=utf-8" />
  <meta name='ocr-system' content='tesseract 3.04.00' />
  <meta name='ocr-capabilities' content='ocr_page ocr_carea ocr_par ocr_line ocrx_word'/>
</head>
<body>
  <div class='ocr_page' id='page_1' title='image "./corneliinepotis08nepogoog_0121.png"; bbox 0 0 1896 3292; ppageno 0'>
   <div class='ocr_carea' id='block_1_1' title="bbox 85 178 765 244">
    <p class='ocr_par' dir='ltr' id='par_1_1' title="bbox 85 178 765 244">
     <span class='ocr_line' id='line_1_1' title="bbox 85 178 765 244; baseline -0.001 0"><span class='ocrx_word' id='word_1_1' title='bbox 85 188 133 244; x_wconf 76' lang='lat' dir='ltr'>lud</span> <span class='ocrx_word' id='word_1_2' title='bbox 201 182 316 242; x_wconf 85' lang='lat' dir='ltr'>xx111.</span> <span class='ocrx_word' id='word_1_3' title='bbox 338 180 552 242; x_wconf 75' lang='lat' dir='ltr'>HANNIBAL.</span> <span class='ocrx_word' id='word_1_4' title='bbox 572 178 656 240; x_wconf 85' lang='lat' dir='ltr'>CAP.</span> <span class='ocrx_word' id='word_1_5' title='bbox 676 180 765 243; x_wconf 81' lang='lat' dir='ltr'>vlu.</span> 
     </span>
    </p>
   </div>
   <div class='ocr_carea' id='block_1_2' title="bbox 82 293 849 675">
    <p class='ocr_par' dir='ltr' id='par_1_2' title="bbox 82 293 849 675">
     <span class='ocr_line' id='line_1_2' title="bbox 82 293 849 367; baseline -0.004 -12"><span class='ocrx_word' id='word_1_6' title='bbox 82 298 162 355; x_wconf 84' lang='lat' dir='ltr'>etiem</span> <span class='ocrx_word' id='word_1_7' title='bbox 182 312 256 353; x_wconf 87' lang='lat' dir='ltr'>nuno</span> <span class='ocrx_word' id='word_1_8' title='bbox 274 312 338 351; x_wconf 84' lang='lat' dir='ltr'>cnm</span> <span class='ocrx_word' id='word_1_9' title='bbox 358 293 470 367; x_wconf 88' lang='lat' dir='ltr'>imperio</span> <span class='ocrx_word' id='word_1_10' title='bbox 491 293 563 366; x_wconf 85' lang='lat' dir='ltr'>epud</span> <span class='ocrx_word' id='word_1_11' title='bbox 583 294 730 350; x_wconf 77' lang='lat' dir='ltr'>exucitum</span> <span class='ocrx_word' id='word_1_12' title='bbox 747 294 849 353; x_wconf 70' lang='lat' dir='ltr'>hubae</span> 
     </span>
     <span class='ocr_line' id='line_1_3' title="bbox 83 370 849 446; baseline -0.003 -17"><span class='ocrx_word' id='word_1_13' title='bbox 83 376 200 446; x_wconf 87' lang='lat' dir='ltr'>itemque</span> <span class='ocrx_word' id='word_1_14' title='bbox 225 371 332 427; x_wconf 77' lang='lat' dir='ltr'>fratrem</span> <span class='ocrx_word' id='word_1_15' title='bbox 356 370 416 425; x_wconf 88' lang='lat' dir='ltr'>eius</span> <span class='ocrx_word' id='word_1_16' title='bbox 439 370 589 444; x_wconf 72' lang='lat' dir='ltr'>diogenem.</span> <span class='ocrx_word' id='word_1_17' title='bbox 627 372 654 426; x_wconf 85' lang='lat' dir='ltr'>l.</span> <span class='ocrx_word' id='word_1_18' title='bbox 679 371 736 426; x_wconf 85' lang='lat' dir='ltr'>llcc</span> <span class='ocrx_word' id='word_1_19' title='bbox 759 388 849 445; x_wconf 85' lang='lat' dir='ltr'>reepco</span> 
     </span>
     <span class='ocr_line' id='line_1_4' title="bbox 82 443 849 523; baseline -0.005 -16"><span class='ocrx_word' id='word_1_20' title='bbox 82 447 314 523; x_wconf 69' lang='lat' dir='ltr'><strong>Carthaginienses</strong></span> <span class='ocrx_word' id='word_1_21' title='bbox 325 445 431 520; x_wconf 80' lang='lat' dir='ltr'>cognito</span> <span class='ocrx_word' id='word_1_22' title='bbox 441 444 615 501; x_wconf 83' lang='lat' dir='ltr'>llennibelem</span> <span class='ocrx_word' id='word_1_23' title='bbox 627 443 741 502; x_wconf 73' lang='lat' dir='ltr'>doum</span> <span class='ocrx_word' id='word_1_24' title='bbox 756 455 784 503; x_wconf 82' lang='lat' dir='ltr'>et</span> <span class='ocrx_word' id='word_1_25' title='bbox 796 449 849 523; x_wconf 74' lang='lat' dir='ltr'>Alrp</span> 
     </span>
     <span class='ocr_line' id='line_1_5' title="bbox 83 520 849 593; baseline -0.003 -12"><span class='ocrx_word' id='word_1_26' title='bbox 83 543 143 582; x_wconf 88' lang='lat' dir='ltr'>nem</span> <span class='ocrx_word' id='word_1_27' title='bbox 165 530 330 580; x_wconf 80' lang='lat' dir='ltr'>revocnmnt.</span> <span class='ocrx_word' id='word_1_28' title='bbox 368 522 427 577; x_wconf 85' lang='lat' dir='ltr'>iluo</span> <span class='ocrx_word' id='word_1_29' title='bbox 446 528 478 576; x_wconf 88' lang='lat' dir='ltr'>ut</span> <span class='ocrx_word' id='word_1_30' title='bbox 497 520 584 586; x_wconf 87' lang='lat' dir='ltr'>rediit,</span> <span class='ocrx_word' id='word_1_31' title='bbox 606 530 711 593; x_wconf 77' lang='lat' dir='ltr'>praetor</span> <span class='ocrx_word' id='word_1_32' title='bbox 733 521 849 579; x_wconf 80' lang='lat' dir='ltr'>loctnee</span> 
     </span>
     <span class='ocr_line' id='line_1_6' title="bbox 83 594 813 675; baseline -0.003 -20"><span class='ocrx_word' id='word_1_33' title='bbox 83 608 225 675; x_wconf 83' lang='lat' dir='ltr'>postquem</span> <span class='ocrx_word' id='word_1_34' title='bbox 241 615 289 654; x_wconf 86' lang='lat' dir='ltr'>rex</span> <span class='ocrx_word' id='word_1_35' title='bbox 304 596 402 663; x_wconf 74' lang='lat' dir='ltr'>meret,</span> <span class='ocrx_word' id='word_1_36' title='bbox 420 612 492 652; x_wconf 89' lang='lat' dir='ltr'>enno</span> <span class='ocrx_word' id='word_1_37' title='bbox 506 594 622 652; x_wconf 87' lang='lat' dir='ltr'>seeundo</span> <span class='ocrx_word' id='word_1_38' title='bbox 633 606 661 652; x_wconf 88' lang='lat' dir='ltr'>et</span> <span class='ocrx_word' id='word_1_39' title='bbox 672 598 813 655; x_wconf 79' lang='lat' dir='ltr'>vioeeimo.</span> 
     </span>
    </p>
   </div>
   <div class='ocr_carea' id='block_1_3' title="bbox 10 671 851 2788">
    <p class='ocr_par' dir='ltr' id='par_1_3' title="bbox 82 671 850 1784">
     <span class='ocr_line' id='line_1_7' title="bbox 82 671 849 746; baseline -0.003 -14"><span class='ocrx_word' id='word_1_40' title='bbox 82 677 155 733; x_wconf 90' lang='lat' dir='ltr'>enim</span> <span class='ocrx_word' id='word_1_41' title='bbox 168 676 265 731; x_wconf 80' lang='lat' dir='ltr'>llcrnee</span> <span class='ocrx_word' id='word_1_42' title='bbox 276 672 406 739; x_wconf 78' lang='lat' dir='ltr'>conculco,</span> <span class='ocrx_word' id='word_1_43' title='bbox 419 671 460 727; x_wconf 90' lang='lat' dir='ltr'>sic</span> <span class='ocrx_word' id='word_1_44' title='bbox 471 671 629 746; x_wconf 77' lang='lat' dir='ltr'>Carthagine</span> <span class='ocrx_word' id='word_1_45' title='bbox 640 674 788 744; x_wconf 61' lang='lat' dir='ltr'>metendis</span> <span class='ocrx_word' id='word_1_46' title='bbox 802 690 849 730; x_wconf 83' lang='lat' dir='ltr'>eeu</span> 
     </span>
     <span class='ocr_line' id='line_1_8' title="bbox 82 747 849 825; baseline -0.003 -18"><span class='ocrx_word' id='word_1_47' title='bbox 82 749 393 825; x_wconf 77' lang='lat' dir='ltr'>hiuiregeecreehentur.</span> <span class='ocrx_word' id='word_1_48' title='bbox 416 750 444 803; x_wconf 81' lang='lat' dir='ltr'>t.</span> <span class='ocrx_word' id='word_1_49' title='bbox 457 747 761 822; x_wconf 79' lang='lat' dir='ltr'>lnecmegistretuperi</span> <span class='ocrx_word' id='word_1_50' title='bbox 771 747 849 825; x_wconf 74' lang='lat' dir='ltr'>dilige</span> 
     </span>
     <span class='ocr_line' id='line_1_9' title="bbox 83 820 850 899; baseline -0.004 -17"><span class='ocrx_word' id='word_1_51' title='bbox 83 823 295 882; x_wconf 84' lang='lat' dir='ltr'>tieeellennibel</span> <span class='ocrx_word' id='word_1_52' title='bbox 304 822 434 897; x_wconf 76' lang='lat' dir='ltr'>praebuit,</span> <span class='ocrx_word' id='word_1_53' title='bbox 443 821 566 879; x_wconf 78' lang='lat' dir='ltr'>uoluerat</span> <span class='ocrx_word' id='word_1_54' title='bbox 574 823 603 878; x_wconf 91' lang='lat' dir='ltr'>in</span> <span class='ocrx_word' id='word_1_55' title='bbox 612 820 692 878; x_wconf 92' lang='lat' dir='ltr'>bello.</span> <span class='ocrx_word' id='word_1_56' title='bbox 716 824 850 899; x_wconf 79' lang='lat' dir='ltr'>Namquet</span> 
     </span>
     <span class='ocr_line' id='line_1_10' title="bbox 82 897 849 975; baseline -0.001 -19"><span class='ocrx_word' id='word_1_57' title='bbox 82 901 152 967; x_wconf 84' lang='lat' dir='ltr'>lecit,</span> <span class='ocrx_word' id='word_1_58' title='bbox 170 916 205 956; x_wconf 83' lang='lat' dir='ltr'>ex</span> <span class='ocrx_word' id='word_1_59' title='bbox 220 900 299 956; x_wconf 79' lang='lat' dir='ltr'>novis</span> <span class='ocrx_word' id='word_1_60' title='bbox 314 897 489 974; x_wconf 78' lang='lat' dir='ltr'>vectigalibus</span> <span class='ocrx_word' id='word_1_61' title='bbox 506 915 559 955; x_wconf 91' lang='lat' dir='ltr'>non</span> <span class='ocrx_word' id='word_1_62' title='bbox 576 898 664 954; x_wconf 89' lang='lat' dir='ltr'>solum</span> <span class='ocrx_word' id='word_1_63' title='bbox 675 906 708 954; x_wconf 87' lang='lat' dir='ltr'>ut</span> <span class='ocrx_word' id='word_1_64' title='bbox 724 910 849 975; x_wconf 86' lang='lat' dir='ltr'>eeeetpeo</span> 
     </span>
     <span class='ocr_line' id='line_1_11' title="bbox 85 972 850 1049; baseline -0.001 -17"><span class='ocrx_word' id='word_1_65' title='bbox 85 977 138 1043; x_wconf 83' lang='lat' dir='ltr'>nie,</span> <span class='ocrx_word' id='word_1_66' title='bbox 157 992 226 1049; x_wconf 84' lang='lat' dir='ltr'>queo</span> <span class='ocrx_word' id='word_1_67' title='bbox 243 975 369 1031; x_wconf 85' lang='lat' dir='ltr'>llonrenie</span> <span class='ocrx_word' id='word_1_68' title='bbox 385 992 419 1030; x_wconf 86' lang='lat' dir='ltr'>ex</span> <span class='ocrx_word' id='word_1_69' title='bbox 435 972 538 1030; x_wconf 79' lang='lat' dir='ltr'>foedere</span> <span class='ocrx_word' id='word_1_70' title='bbox 549 973 722 1047; x_wconf 86' lang='lat' dir='ltr'>penderetur,</span> <span class='ocrx_word' id='word_1_71' title='bbox 741 975 789 1031; x_wconf 85' lang='lat' dir='ltr'>sed</span> <span class='ocrx_word' id='word_1_72' title='bbox 806 976 850 1031; x_wconf 84' lang='lat' dir='ltr'>etit</span> 
     </span>
     <span class='ocr_line' id='line_1_12' title="bbox 83 1049 850 1124; baseline -0.001 -16"><span class='ocrx_word' id='word_1_73' title='bbox 83 1058 244 1124; x_wconf 82' lang='lat' dir='ltr'>superesset,</span> <span class='ocrx_word' id='word_1_74' title='bbox 262 1067 332 1124; x_wconf 85' lang='lat' dir='ltr'>quoe</span> <span class='ocrx_word' id='word_1_75' title='bbox 348 1051 377 1106; x_wconf 87' lang='lat' dir='ltr'>in</span> <span class='ocrx_word' id='word_1_76' title='bbox 393 1051 493 1106; x_wconf 64' lang='lat' dir='ltr'>emeno</span> <span class='ocrx_word' id='word_1_77' title='bbox 508 1058 686 1124; x_wconf 78' lang='lat' dir='ltr'>reponeretur.</span> <span class='ocrx_word' id='word_1_78' title='bbox 727 1054 755 1107; x_wconf 75' lang='lat' dir='ltr'>t.</span> <span class='ocrx_word' id='word_1_79' title='bbox 776 1049 850 1107; x_wconf 83' lang='lat' dir='ltr'>Deiod</span> 
     </span>
     <span class='ocr_line' id='line_1_13' title="bbox 175 1124 850 1256; baseline -0.001 3.88"><span class='ocrx_word' id='word_1_80' title='bbox 175 1124 850 1256; x_wconf 61' lang='lat' dir='ltr'>,A</span> 
     </span>
     <span class='ocr_line' id='line_1_14' title="bbox 84 1276 850 1351; baseline 0 -18"><span class='ocrx_word' id='word_1_81' title='bbox 84 1277 157 1334; x_wconf 82' lang='lat' dir='ltr'>nihel</span> <span class='ocrx_word' id='word_1_82' title='bbox 174 1277 218 1333; x_wconf 89' lang='lat' dir='ltr'>sui</span> <span class='ocrx_word' id='word_1_83' title='bbox 235 1295 269 1334; x_wconf 82' lang='lat' dir='ltr'>ex</span> <span class='ocrx_word' id='word_1_84' title='bbox 317 1276 392 1333; x_wconf 88' lang='lat' dir='ltr'>cendi</span> <span class='ocrx_word' id='word_1_85' title='bbox 409 1277 494 1351; x_wconf 78' lang='lat' dir='ltr'>gretie</span> <span class='ocrx_word' id='word_1_86' title='bbox 511 1276 607 1333; x_wconf 80' lang='lat' dir='ltr'>missos</span> <span class='ocrx_word' id='word_1_87' title='bbox 624 1284 708 1342; x_wconf 82' lang='lat' dir='ltr'>retus,</span> <span class='ocrx_word' id='word_1_88' title='bbox 725 1277 850 1351; x_wconf 77' lang='lat' dir='ltr'>priusque</span> 
     </span>
     <span class='ocr_line' id='line_1_15' title="bbox 84 1350 844 1427; baseline 0.001 -19"><span class='ocrx_word' id='word_1_89' title='bbox 84 1354 127 1409; x_wconf 86' lang='lat' dir='ltr'>his</span> <span class='ocrx_word' id='word_1_90' title='bbox 139 1360 246 1410; x_wconf 84' lang='lat' dir='ltr'>senetue</span> <span class='ocrx_word' id='word_1_91' title='bbox 293 1360 373 1417; x_wconf 82' lang='lat' dir='ltr'>retur,</span> <span class='ocrx_word' id='word_1_92' title='bbox 391 1368 487 1408; x_wconf 78' lang='lat' dir='ltr'>novem</span> <span class='ocrx_word' id='word_1_93' title='bbox 504 1351 657 1408; x_wconf 71' lang='lat' dir='ltr'>conscendit</span> <span class='ocrx_word' id='word_1_94' title='bbox 667 1350 749 1418; x_wconf 79' lang='lat' dir='ltr'>clem,</span> <span class='ocrx_word' id='word_1_95' title='bbox 764 1362 844 1427; x_wconf 77' lang='lat' dir='ltr'>etque</span> 
     </span>
     <span class='ocr_line' id='line_1_16' title="bbox 83 1426 850 1504; baseline -0.001 -20"><span class='ocrx_word' id='word_1_96' title='bbox 83 1428 189 1504; x_wconf 80' lang='lat' dir='ltr'>Syrium</span> <span class='ocrx_word' id='word_1_97' title='bbox 202 1428 237 1484; x_wconf 87' lang='lat' dir='ltr'>ed</span> <span class='ocrx_word' id='word_1_98' title='bbox 252 1427 413 1484; x_wconf 78' lang='lat' dir='ltr'>Antiochum</span> <span class='ocrx_word' id='word_1_99' title='bbox 424 1426 551 1502; x_wconf 78' lang='lat' dir='ltr'>profugit.</span> <span class='ocrx_word' id='word_1_100' title='bbox 589 1430 616 1482; x_wconf 83' lang='lat'>7.</span> <span class='ocrx_word' id='word_1_101' title='bbox 637 1428 691 1483; x_wconf 88' lang='lat' dir='ltr'>lleo</span> <span class='ocrx_word' id='word_1_102' title='bbox 702 1444 733 1483; x_wconf 91' lang='lat' dir='ltr'>re</span> <span class='ocrx_word' id='word_1_103' title='bbox 744 1426 850 1501; x_wconf 82' lang='lat' dir='ltr'>polemi</span> 
     </span>
     <span class='ocr_line' id='line_1_17' title="bbox 83 1503 850 1576; baseline 0.004 -18"><span class='ocrx_word' id='word_1_104' title='bbox 83 1513 133 1569; x_wconf 75' lang='lat' dir='ltr'>cte,</span> <span class='ocrx_word' id='word_1_105' title='bbox 153 1503 232 1559; x_wconf 85' lang='lat' dir='ltr'>Poeni</span> <span class='ocrx_word' id='word_1_106' title='bbox 249 1520 330 1560; x_wconf 74' lang='lat' dir='ltr'>neves</span> <span class='ocrx_word' id='word_1_107' title='bbox 350 1503 430 1568; x_wconf 85' lang='lat' dir='ltr'>duee,</span> <span class='ocrx_word' id='word_1_108' title='bbox 453 1518 604 1576; x_wconf 78' lang='lat' dir='ltr'>quaecum</span> <span class='ocrx_word' id='word_1_109' title='bbox 621 1504 850 1575; x_wconf 81' lang='lat' dir='ltr'>comprehenderet</span> 
     </span>
     <span class='ocr_line' id='line_1_18' title="bbox 84 1576 850 1713; baseline -0.001 -77"><span class='ocrx_word' id='word_1_110' title='bbox 84 1579 107 1708; x_wconf 57' lang='lat' dir='ltr'>pii</span> <span class='ocrx_word' id='word_1_111' title='bbox 121 1586 227 1650; x_wconf 79' lang='lat' dir='ltr'>possem</span> <span class='ocrx_word' id='word_1_112' title='bbox 235 1578 372 1709; x_wconf 51' lang='lat' dir='ltr'>oposedrpuh</span> <span class='ocrx_word' id='word_1_113' title='bbox 386 1578 530 1709; x_wconf 52' lang='lat' dir='ltr'>rpiieefflpn</span> <span class='ocrx_word' id='word_1_114' title='bbox 544 1576 613 1709; x_wconf 63' lang='lat' dir='ltr'>bcnp</span> <span class='ocrx_word' id='word_1_115' title='bbox 625 1579 683 1666; x_wconf 84' lang='lat' dir='ltr'>eius</span> <span class='ocrx_word' id='word_1_116' title='bbox 695 1578 850 1713; x_wconf 54' lang='lat' dir='ltr'><strong>puffiffi:</strong></span> 
     </span>
     <span class='ocr_line' id='line_1_19' title="bbox 103 1669 742 1727; baseline 0.003 -18"><span class='ocrx_word' id='word_1_117' title='bbox 103 1669 195 1709; x_wconf 88' lang='lat' dir='ltr'>omum</span> <span class='ocrx_word' id='word_1_118' title='bbox 215 1670 232 1709; x_wconf 87' lang='lat' dir='ltr'>e</span> <span class='ocrx_word' id='word_1_119' title='bbox 264 1670 301 1709; x_wconf 88' lang='lat' dir='ltr'>un</span> <span class='ocrx_word' id='word_1_120' title='bbox 336 1669 397 1708; x_wconf 87' lang='lat' dir='ltr'>men</span> <span class='ocrx_word' id='word_1_121' title='bbox 418 1671 431 1709; x_wconf 89' lang='lat' dir='ltr'>e</span> <span class='ocrx_word' id='word_1_122' title='bbox 495 1670 599 1710; x_wconf 84' lang='lat' dir='ltr'>recerun</span> <span class='ocrx_word' id='word_1_123' title='bbox 618 1672 625 1724; x_wconf 92' lang='grc'><strong>;</strong></span> <span class='ocrx_word' id='word_1_124' title='bbox 649 1670 742 1727; x_wconf 79' lang='lat' dir='ltr'>ipsum</span> 
     </span>
     <span class='ocr_line' id='line_1_20' title="bbox 84 1728 244 1784; baseline 0 0"><span class='ocrx_word' id='word_1_125' title='bbox 84 1728 244 1784; x_wconf 75' lang='lat' dir='ltr'>iudicarunt.</span> 
     </span>
    </p>

    <p class='ocr_par' dir='ltr' id='par_1_4' title="bbox 10 1802 851 2788">
     <span class='ocr_line' id='line_1_21' title="bbox 139 1802 850 1881; baseline 0 -19"><span class='ocrx_word' id='word_1_126' title='bbox 139 1805 208 1862; x_wconf 86' lang='lat' dir='ltr'>v111.</span> <span class='ocrx_word' id='word_1_127' title='bbox 227 1806 263 1860; x_wconf 89' lang='lat' dir='ltr'>At</span> <span class='ocrx_word' id='word_1_128' title='bbox 277 1802 408 1859; x_wconf 85' lang='lat' dir='ltr'>llennibel</span> <span class='ocrx_word' id='word_1_129' title='bbox 422 1819 493 1859; x_wconf 83' lang='lat' dir='ltr'>enno</span> <span class='ocrx_word' id='word_1_130' title='bbox 509 1810 578 1877; x_wconf 67' lang='lat' dir='ltr'>post,</span> <span class='ocrx_word' id='word_1_131' title='bbox 596 1820 678 1877; x_wconf 87' lang='lat' dir='ltr'>quem</span> <span class='ocrx_word' id='word_1_132' title='bbox 695 1803 780 1862; x_wconf 89' lang='lat' dir='ltr'>doroo</span> <span class='ocrx_word' id='word_1_133' title='bbox 794 1802 850 1881; x_wconf 78' lang='lat' dir='ltr'>peel</span> 
     </span>
     <span class='ocr_line' id='line_1_22' title="bbox 83 1877 848 1956; baseline -0.004 -20"><span class='ocrx_word' id='word_1_134' title='bbox 83 1887 171 1956; x_wconf 78' lang='lat' dir='ltr'>geret,</span> <span class='ocrx_word' id='word_1_135' title='bbox 190 1880 222 1935; x_wconf 82' lang='lat' dir='ltr'>L.</span> <span class='ocrx_word' id='word_1_136' title='bbox 240 1879 374 1946; x_wconf 84' lang='lat' dir='ltr'>Cornelio,</span> <span class='ocrx_word' id='word_1_137' title='bbox 396 1877 496 1947; x_wconf 90' lang='lat' dir='ltr'>Quinto</span> <span class='ocrx_word' id='word_1_138' title='bbox 507 1880 623 1935; x_wconf 81' lang='lat' dir='ltr'>Minucio</span> <span class='ocrx_word' id='word_1_139' title='bbox 638 1896 707 1936; x_wconf 81' lang='lat' dir='ltr'>urse.</span> <span class='ocrx_word' id='word_1_140' title='bbox 725 1896 791 1938; x_wconf 85' lang='lat' dir='ltr'>cum</span> <span class='ocrx_word' id='word_1_141' title='bbox 803 1882 848 1955; x_wconf 77' lang='lat' dir='ltr'>qui</span> 
     </span>
     <span class='ocr_line' id='line_1_23' title="bbox 83 1954 851 2031; baseline 0 -20"><span class='ocrx_word' id='word_1_142' title='bbox 83 1972 138 2029; x_wconf 90' lang='lat' dir='ltr'>que</span> <span class='ocrx_word' id='word_1_143' title='bbox 150 1954 264 2011; x_wconf 79' lang='lat' dir='ltr'>neribus</span> <span class='ocrx_word' id='word_1_144' title='bbox 276 1955 392 2012; x_wconf 79' lang='lat' dir='ltr'>Aldoem</span> <span class='ocrx_word' id='word_1_145' title='bbox 404 1956 512 2010; x_wconf 60' lang='lat' dir='ltr'>ament</span> <span class='ocrx_word' id='word_1_146' title='bbox 524 1955 552 2009; x_wconf 89' lang='lat' dir='ltr'>in</span> <span class='ocrx_word' id='word_1_147' title='bbox 566 1954 666 2013; x_wconf 85' lang='lat' dir='ltr'>tinibus</span> <span class='ocrx_word' id='word_1_148' title='bbox 675 1955 851 2031; x_wconf 80' lang='lat' dir='ltr'>Cyreueeomt</span> 
     </span>
     <span class='ocr_line' id='line_1_24' title="bbox 84 2029 849 2106; baseline 0.001 -20"><span class='ocrx_word' id='word_1_149' title='bbox 84 2031 106 2086; x_wconf 87' lang='lat' dir='ltr'>ei</span> <span class='ocrx_word' id='word_1_150' title='bbox 120 2029 185 2085; x_wconf 86' lang='lat' dir='ltr'>icrte</span> <span class='ocrx_word' id='word_1_151' title='bbox 200 2030 430 2105; x_wconf 76' lang='lat' dir='ltr'>Carthaginienses</span> <span class='ocrx_word' id='word_1_152' title='bbox 446 2029 481 2086; x_wconf 88' lang='lat' dir='ltr'>ed</span> <span class='ocrx_word' id='word_1_153' title='bbox 495 2029 597 2086; x_wconf 89' lang='lat' dir='ltr'>bellum</span> <span class='ocrx_word' id='word_1_154' title='bbox 614 2030 735 2087; x_wconf 80' lang='lat' dir='ltr'>Antiochi</span> <span class='ocrx_word' id='word_1_155' title='bbox 753 2032 849 2106; x_wconf 84' lang='lat' dir='ltr'>spel&#39;rd</span> 
     </span>
     <span class='ocr_line' id='line_1_25' title="bbox 84 2106 850 2179; baseline 0.003 -18"><span class='ocrx_word' id='word_1_156' title='bbox 84 2106 178 2178; x_wconf 84' lang='lat' dir='ltr'>cieque</span> <span class='ocrx_word' id='word_1_157' title='bbox 193 2106 318 2162; x_wconf 89' lang='lat' dir='ltr'>inducere</span> <span class='ocrx_word' id='word_1_158' title='bbox 333 2114 434 2179; x_wconf 87' lang='lat' dir='ltr'>posset:</span> <span class='ocrx_word' id='word_1_159' title='bbox 452 2106 496 2161; x_wconf 87' lang='lat' dir='ltr'>oui</span> <span class='ocrx_word' id='word_1_160' title='bbox 514 2108 567 2161; x_wconf 89' lang='lat' dir='ltr'>iem</span> <span class='ocrx_word' id='word_1_161' title='bbox 584 2114 758 2178; x_wconf 76' lang='lat' dir='ltr'>persuaserat.</span> <span class='ocrx_word' id='word_1_162' title='bbox 779 2118 850 2165; x_wconf 77' lang='lat' dir='ltr'>utcu</span> 
     </span>
     <span class='ocr_line' id='line_1_26' title="bbox 83 2181 771 2254; baseline 0 -16"><span class='ocrx_word' id='word_1_163' title='bbox 83 2181 242 2238; x_wconf 83' lang='lat' dir='ltr'>exercitibus</span> <span class='ocrx_word' id='word_1_164' title='bbox 255 2183 283 2238; x_wconf 93' lang='lat' dir='ltr'>in</span> <span class='ocrx_word' id='word_1_165' title='bbox 300 2181 401 2238; x_wconf 84' lang='lat' dir='ltr'>lteliem</span> <span class='ocrx_word' id='word_1_166' title='bbox 419 2182 635 2254; x_wconf 82' lang='lat' dir='ltr'>proficisceretur.</span> <span class='ocrx_word' id='word_1_167' title='bbox 673 2182 732 2238; x_wconf 90' lang='lat' dir='ltr'>lluc</span> <span class='ocrx_word' id='word_1_168' title='bbox 743 2184 771 2238; x_wconf 82' lang='lat' dir='ltr'>hl</span> 
     </span>
     <span class='ocr_line' id='line_1_27' title="bbox 10 2257 851 2334; baseline 0 -21"><span class='ocrx_word' id='word_1_169' title='bbox 10 2264 14 2269; x_wconf 89' lang='lat'>&#39;</span> <span class='ocrx_word' id='word_1_170' title='bbox 82 2257 189 2313; x_wconf 76' lang='lat' dir='ltr'>fratrem</span> <span class='ocrx_word' id='word_1_171' title='bbox 206 2258 312 2313; x_wconf 82' lang='lat' dir='ltr'>excivit.</span> <span class='ocrx_word' id='word_1_172' title='bbox 352 2261 379 2314; x_wconf 76' lang='lat'>2.</span> <span class='ocrx_word' id='word_1_173' title='bbox 399 2257 429 2312; x_wconf 95' lang='lat' dir='ltr'>ld</span> <span class='ocrx_word' id='word_1_174' title='bbox 445 2258 492 2313; x_wconf 93' lang='lat' dir='ltr'>uhi</span> <span class='ocrx_word' id='word_1_175' title='bbox 511 2258 588 2313; x_wconf 88' lang='lat' dir='ltr'>Poeni</span> <span class='ocrx_word' id='word_1_176' title='bbox 602 2258 775 2323; x_wconf 78' lang='lat' dir='ltr'>rescivenmt.</span> <span class='ocrx_word' id='word_1_177' title='bbox 821 2270 851 2334; x_wconf 69' lang='lat' dir='ltr'>eg</span> 
     </span>
     <span class='ocr_line' id='line_1_28' title="bbox 83 2332 850 2407; baseline 0.003 -18"><span class='ocrx_word' id='word_1_178' title='bbox 83 2352 145 2389; x_wconf 89' lang='lat' dir='ltr'>nem</span> <span class='ocrx_word' id='word_1_179' title='bbox 161 2332 262 2398; x_wconf 82' lang='lat' dir='ltr'>eedem,</span> <span class='ocrx_word' id='word_1_180' title='bbox 278 2350 332 2406; x_wconf 85' lang='lat' dir='ltr'>que</span> <span class='ocrx_word' id='word_1_181' title='bbox 349 2332 463 2399; x_wconf 80' lang='lat' dir='ltr'>fratrem,</span> <span class='ocrx_word' id='word_1_182' title='bbox 481 2333 616 2388; x_wconf 75' lang='lat' dir='ltr'>absentem</span> <span class='ocrx_word' id='word_1_183' title='bbox 634 2350 716 2407; x_wconf 84' lang='lat' dir='ltr'>poene</span> <span class='ocrx_word' id='word_1_184' title='bbox 729 2334 850 2391; x_wconf 80' lang='lat' dir='ltr'>effecerur</span> 
     </span>
     <span class='ocr_line' id='line_1_29' title="bbox 82 2408 851 2482; baseline 0.004 -18"><span class='ocrx_word' id='word_1_185' title='bbox 82 2409 123 2464; x_wconf 91' lang='lat' dir='ltr'>llli</span> <span class='ocrx_word' id='word_1_186' title='bbox 141 2408 284 2481; x_wconf 82' lang='lat' dir='ltr'>desperetis</span> <span class='ocrx_word' id='word_1_187' title='bbox 300 2408 379 2464; x_wconf 89' lang='lat' dir='ltr'>rebus</span> <span class='ocrx_word' id='word_1_188' title='bbox 396 2427 481 2482; x_wconf 74' lang='grc' dir='ltr'>φωη]</span> <span class='ocrx_word' id='word_1_189' title='bbox 498 2408 639 2464; x_wconf 75' lang='lat' dir='ltr'>solvissent</span> <span class='ocrx_word' id='word_1_190' title='bbox 661 2426 754 2475; x_wconf 78' lang='lat' dir='ltr'>neree,</span> <span class='ocrx_word' id='word_1_191' title='bbox 774 2428 808 2467; x_wconf 85' lang='lat' dir='ltr'>ec</span> <span class='ocrx_word' id='word_1_192' title='bbox 827 2426 851 2466; x_wconf 82' lang='lat' dir='ltr'>vt</span> 
     </span>
     <span class='ocr_line' id='line_1_30' title="bbox 83 2483 851 2559; baseline 0 -20"><span class='ocrx_word' id='word_1_193' title='bbox 83 2485 173 2539; x_wconf 77' lang='lat' dir='ltr'>ventis</span> <span class='ocrx_word' id='word_1_194' title='bbox 191 2484 339 2545; x_wconf 82' lang='lat' dir='ltr'>dedissent.</span> <span class='ocrx_word' id='word_1_195' title='bbox 363 2483 494 2539; x_wconf 82' lang='lat' dir='ltr'>Hannibal</span> <span class='ocrx_word' id='word_1_196' title='bbox 517 2483 551 2540; x_wconf 90' lang='lat' dir='ltr'>ed</span> <span class='ocrx_word' id='word_1_197' title='bbox 567 2484 729 2540; x_wconf 72' lang='lat' dir='ltr'>Antiochum</span> <span class='ocrx_word' id='word_1_198' title='bbox 747 2502 851 2559; x_wconf 78' lang='lat' dir='ltr'>pervent:</span> 
     </span>
     <span class='ocr_line' id='line_1_31' title="bbox 83 2559 851 2634; baseline 0.004 -20"><span class='ocrx_word' id='word_1_199' title='bbox 83 2559 116 2614; x_wconf 94' lang='lat' dir='ltr'>de</span> <span class='ocrx_word' id='word_1_200' title='bbox 140 2560 261 2634; x_wconf 82' lang='lat' dir='ltr'>hlegonie</span> <span class='ocrx_word' id='word_1_201' title='bbox 292 2559 399 2614; x_wconf 86' lang='lat' dir='ltr'>interitu</span> <span class='ocrx_word' id='word_1_202' title='bbox 424 2559 524 2632; x_wconf 81' lang='lat' dir='ltr'>duplex</span> <span class='ocrx_word' id='word_1_203' title='bbox 553 2561 680 2616; x_wconf 86' lang='lat' dir='ltr'>memorie</span> <span class='ocrx_word' id='word_1_204' title='bbox 703 2562 809 2633; x_wconf 82' lang='lat' dir='ltr'>prodite</span> <span class='ocrx_word' id='word_1_205' title='bbox 833 2578 851 2617; x_wconf 81' lang='lat' dir='ltr'>e</span> 
     </span>
     <span class='ocr_line' id='line_1_32' title="bbox 83 2633 851 2708; baseline 0.007 -18"><span class='ocrx_word' id='word_1_206' title='bbox 83 2636 205 2707; x_wconf 79' lang='lat' dir='ltr'>Namque</span> <span class='ocrx_word' id='word_1_207' title='bbox 217 2634 261 2690; x_wconf 87' lang='lat' dir='ltr'>olii</span> <span class='ocrx_word' id='word_1_208' title='bbox 275 2633 422 2708; x_wconf 78' lang='lat' dir='ltr'>naufragio,</span> <span class='ocrx_word' id='word_1_209' title='bbox 437 2635 482 2691; x_wconf 87' lang='lat' dir='ltr'>elii</span> <span class='ocrx_word' id='word_1_210' title='bbox 495 2653 510 2691; x_wconf 82' lang='lat' dir='ltr'>o</span> <span class='ocrx_word' id='word_1_211' title='bbox 522 2636 606 2691; x_wconf 83' lang='lat' dir='ltr'>servis</span> <span class='ocrx_word' id='word_1_212' title='bbox 620 2636 704 2708; x_wconf 84' lang='lat' dir='ltr'>ipsiue</span> <span class='ocrx_word' id='word_1_213' title='bbox 717 2637 851 2695; x_wconf 76' lang='lat' dir='ltr'>tourtecu</span> 
     </span>
     <span class='ocr_line' id='line_1_33' title="bbox 73 2710 842 2788; baseline 0.007 -24"><span class='ocrx_word' id='word_1_214' title='bbox 73 2726 147 2778; x_wconf 82' lang='lat' dir='ltr'>eum,</span> <span class='ocrx_word' id='word_1_215' title='bbox 167 2712 302 2786; x_wconf 87' lang='lat' dir='ltr'>scriptum</span> <span class='ocrx_word' id='word_1_216' title='bbox 320 2710 497 2788; x_wconf 84' lang='lat' dir='ltr'>reliquerunt.</span> <span class='ocrx_word' id='word_1_217' title='bbox 534 2715 563 2768; x_wconf 75' lang='lat'>3.</span> <span class='ocrx_word' id='word_1_218' title='bbox 581 2711 726 2769; x_wconf 81' lang='lat' dir='ltr'>Antiochus</span> <span class='ocrx_word' id='word_1_219' title='bbox 740 2722 842 2783; x_wconf 69' lang='lat' dir='ltr'>summ,</span> 
     </span>
    </p>
   </div>
   <div class='ocr_carea' id='block_1_4' title="bbox 0 0 953 3292">
    <p class='ocr_par' dir='ltr' id='par_1_5' title="bbox 0 0 953 3292">
     <span class='ocr_line' id='line_1_34' title="bbox 0 0 953 3292; baseline 0 0"><span class='ocrx_word' id='word_1_220' title='bbox 0 0 953 3292; x_wconf 95' lang='lat' dir='ltr'> </span> 
     </span>
    </p>
   </div>
  </div>
 </body>
</html>
