1906 3066
76 218 109 274 22
296 213 331 281 Υ.
351 211 485 271 CIMON.
505 213 588 271 CAP.
609 215 647 271 ll.

77 339 191 393 sororem
199 339 352 397 germanam
361 340 448 388 sunm,
456 321 713 394 nomineElpinioen,
724 322 777 377 nola
785 322 873 396 magis

77 416 177 466 amore,
193 415 275 471 quam
289 414 361 453 more
374 397 479 453 ductus.
517 398 585 452 Nam
595 396 800 453 Atheniensibus
812 395 872 452 licet

76 473 167 529 eodem
181 481 253 545 patre
266 479 340 528 netas
352 489 448 529 uxores
463 471 568 527 ducere.
607 475 633 527 3.
653 472 738 527 Huius
754 471 873 545 coniugii

77 548 190 620 cupidus
200 546 295 603 Callias
305 547 429 619 quidam,
441 564 494 602 non
505 553 557 601 tam
566 563 723 619 generosus,
736 563 818 618 quam
826 563 873 618 pe-

77 623 211 686 cuniosus,
224 621 271 694 qui
281 640 391 696 magnas
400 621 525 693 pecunias
534 638 568 677 ex
577 620 688 675 metallis
697 619 803 686 iecerat,
819 620 873 694 egit

77 715 139 757 cum
149 696 266 762 Cimone,
277 705 307 752 ut
317 715 375 753 eam
385 697 437 751 sibi
446 713 556 752 uxorem
566 695 650 752 daret:
666 694 694 751 id
702 695 726 750 si
735 696 873 768 impetras-

77 781 124 838 set,
136 789 164 826 se
172 788 220 843 pro
229 770 275 827 illo
283 772 422 843 pecuniam
432 770 592 828 soluturum.
620 773 646 826 i.
666 772 692 825 Is
699 787 786 842 quum
795 769 873 825 talem

77 844 252 903 conditionem
266 854 459 918 aspernaretur,
478 846 597 918 Elpinice
614 845 720 919 negavit
733 861 761 898 se
779 861 873 916 passu·

77 938 149 987 ram,
163 919 288 976 Miltiadis
300 920 451 997 pmgeniem
464 921 493 976 in
507 919 621 977 vinculis
635 919 748 991 publicis
757 919 873 984 interire,

78 994 204 1068 quoniam
213 995 351 1068 prohibere
364 1002 463 1067 posset,
479 1012 560 1067 seque
568 993 665 1052 Calliae
678 1000 836 1068 nupturam,
850 991 873 1050 si

77 1089 117 1137 ea,
128 1088 198 1142 quae
206 1069 378 1142 polliceretur,
388 1069 567 1142 praestitisset.
777 1104 782 1112 ι

133 1146 168 1201 ll.
188 1144 245 1201 Tali
260 1145 338 1201 modo
351 1145 468 1203 custodia
477 1143 601 1200 liberatus
611 1144 704 1200 Cimon
713 1141 830 1198 celeriter
841 1141 873 1199 ad

78 1220 256 1293 principatum
266 1221 394 1293 pervenit.
423 1220 539 1277 Habebat
547 1219 619 1274 enim
629 1219 692 1274 satis
701 1217 872 1290 eloquentiae,

78 1313 212 1351 summam
223 1295 412 1361 liberalitatem,
427 1312 552 1370 maguam
560 1293 727 1366 prudentiam
737 1308 823 1365 quum
833 1292 873 1349 iu·

80 1372 117 1426 ris
126 1370 226 1437 civilis,
237 1378 296 1426 tum
305 1371 342 1425 rei
351 1369 486 1436 militaris,
496 1369 570 1442 quod
578 1386 640 1424 oum
648 1375 721 1440 patre
729 1384 837 1438 a-puero
846 1367 873 1422 ic

78 1447 236 1501 exercitibus
245 1444 329 1500 luerat
338 1451 465 1501 versatus.
503 1446 593 1517 ltaque
601 1441 873 1514 hicetpopulumur·

78 1520 180 1575 benum
189 1520 217 1574 in
226 1536 275 1574 sua
284 1518 368 1573 tenuit
375 1526 510 1590 potestate,
525 1526 551 1574 et
559 1519 630 1592 apud
639 1517 782 1573 exercitum
790 1516 873 1590 pluri·

79 1611 155 1649 mum
169 1593 252 1650 valuit
267 1593 424 1648 auctoritate.
462 1596 490 1658 2,
510 1594 630 1649 Primum
647 1593 787 1664 imperator
804 1590 874 1664 apud

79 1666 178 1723 flumen
189 1668 328 1742 Strymona
338 1685 447 1741 magnas
460 1668 548 1740 copias
558 1668 689 1722 Thracum
698 1666 813 1740 fugavit,
830 1683 873 1738 op-

79 1741 350 1815 pidumAmphipolin
361 1743 502 1810 constituit,
514 1760 597 1815 eoque
606 1741 695 1797 decem
703 1740 787 1796 millia
796 1740 873 1796 Atho·

80 1818 213 1873 niensium
223 1818 251 1872 in
261 1816 389 1874 coloniam
397 1817 480 1873 misit.
518 1816 591 1872 ldem
601 1817 695 1871 iterum
707 1815 779 1887 apud
787 1816 873 1890 Myca-

80 1890 124 1947 len
133 1892 291 1966 Cypriorum
300 1900 325 1947 et
333 1892 492 1948 Phoenicum
502 1891 674 1947 ducentarum
689 1889 799 1946 navium
809 1889 873 1945 olas-

80 1984 136 2022 sem
149 1967 277 2023 devictam
290 1967 370 2040 oepit:
400 1971 427 2023 3.
447 1965 590 2041 eodemque
604 1966 647 2020 die
664 1965 721 2037 pari
734 1963 873 2020 fortrmaln

80 2050 148 2096 terra
161 2060 227 2096 usus
240 2051 288 2098 est.
327 2042 448 2114 Namque
462 2041 577 2096 bostium
591 2040 704 2095 navibus
714 2039 809 2110 captis,
825 2046 873 2094 sta-

81 2117 129 2169 tim
138 2133 172 2170 ex
181 2115 263 2171 classe
271 2117 359 2190 copias
367 2135 430 2172 suas
439 2115 543 2182 eduxit,
557 2115 782 2186 barbamrumque
792 2113 873 2169 maxi·

80 2208 153 2245 mam
167 2190 223 2246 vim
236 2209 291 2246 uno
309 2208 438 2247 concursu
455 2190 604 2263 prostravit.
643 2191 669 2244 l.
689 2187 745 2256 Qua
769 2187 873 2244 victoria

81 2281 177 2351 magna
186 2265 282 2337 praeda
290 2267 387 2338 potitus
396 2283 481 2338 quum
490 2265 599 2321 domum
609 2270 790 2329 reverteretur,
805 2260 873 2335 quod

81 2358 136 2395 ram
145 2339 288 2395 nonnullae
296 2339 399 2396 insulae
406 2348 511 2413 propter
519 2339 683 2396 acerbitatem
693 2337 797 2408 imperii
808 2336 873 2393 dele

82 2423 178 2482 corant,
190 2415 256 2470 bene
266 2415 394 2471 animatas
403 2414 577 2480 confirmavit,
584 2413 707 2470 alienatas
717 2411 751 2468 ad
760 2411 873 2468 officium

82 2489 169 2546 redire
183 2490 276 2565 ooigit.
314 2493 341 2546 5.
360 2489 487 2564 Soymm,
503 2507 585 2562 quam
597 2505 628 2544 eo
641 2495 756 2560 tempore
767 2485 873 2559 Dolopes

82 2564 243 2633 incolebant,
255 2563 327 2638 quod
340 2564 520 2620 contumacius
529 2582 557 2620 se
566 2569 711 2638 gesseram,
725 2561 873 2627 vacuefecit

83 2657 196 2697 sessores
206 2647 304 2696 veteres
314 2639 380 2696 urbe
389 2638 529 2712 insulaque
537 2639 623 2704 eiecit,
638 2654 715 2711 agros
723 2636 873 2693 civibusdi·

83 2714 158 2772 risit.
196 2716 305 2775 Thasios
313 2713 447 2790 opulentia
456 2713 533 2771 fmtos
541 2731 590 2771 suo
599 2712 712 2771 adventu
720 2709 808 2786 tregit.
832 2710 873 2767 llil
