1906 3066
199 162 300 222 xvii.
319 162 552 222 tarsitius,
572 164 655 222 CAP.
675 166 703 224 V·
820 168 855 223 ’Π

59 271 161 329 bellica:
182 272 246 345 qai,
266 288 353 345 quum
370 273 464 359 vietori
482 280 612 360 pramsset
629 274 755 328 exereitui
768 276 856 363 maxi-

59 346 855 478 mmmmm

59 503 225 569 genearum
235 503 267 551 ut
274 496 299 551 si
307 496 580 567 privamsinoomitio
588 504 656 552 esset
665 496 780 569 Spartae.
801 496 856 553 Cu-

59 571 97 627 im
108 569 266 641 exemplum
278 570 382 625 utinam
395 570 563 644 imperatores
573 572 654 627 nostri
668 572 744 644 sequi
754 569 856 627 voluis-

59 646 125 701 sentl
144 643 274 699 Sedillua
281 644 429 701 redeamus.
462 650 489 701 3.
508 646 647 721 Agesilaus
655 645 855 718 opulentissimo

60 718 401 793 regnopraeposuitbonam
409 720 643 786 existimationem,
653 721 790 793 multoque
797 718 856 797 glo·

60 792 258 859 elatustum,
277 793 302 848 si
315 792 442 849 institutis
456 795 554 867 patriae
567 795 708 867 paruisset,
730 812 812 869 quam
831 794 855 850 si

60 866 124 923 hallo
141 874 293 940 superasset
304 867 407 923 Asiam.
446 870 472 924 l.
492 870 546 924 Hae
562 870 645 944 igitur
656 876 744 925 mente
755 868 856 924 Helles·

59 949 167 1013 μήπω
179 943 268 1013 sapias
280 942 392 1008 nuent,
404 950 528 1016 mutaque
536 961 603 999 usus
613 951 652 999 est
661 943 802 1011 eeleritate,
813 951 853 1009 ut,

60 1016 128 1089 qnod
140 1017 191 1071 iter
199 1016 302 1072 Xerxes
311 1035 381 1073 anno
389 1024 504 1073 vertente
517 1018 672 1084 oonieeerat,
687 1019 734 1073 hio
745 1018 857 1075 mansis-

60 1092 90 1145 rit
101 1089 212 1165 triginta
225 1090 331 1147 diebus.
368 1095 396 1147 5.
415 1091 505 1159 Quum
520 1092 573 1147 iam
586 1092 660 1147 haud
674 1091 708 1147 ita
722 1092 800 1167 longe
809 1093 857 1147 ab·

60 1172 123 1221 emet
134 1164 353 1237 aPeloponneso‚
367 1166 495 1221 maistem
507 1166 532 1221 ei
546 1166 630 1220 conati
641 1174 704 1220 sunt
713 1165 857 1221 Athenien·

61 1256 99 1295 m
109 1240 258 1303 etBoeotii,
274 1240 404 1313 oeten-ique
417 1258 508 1295 eorum
523 1240 601 1305 sooii,
617 1239 689 1311 apud
697 1238 855 1295 Coroneam:

61 1330 124 1387 quos
131 1314 311 1389 omuesgravi
319 1314 418 1387 proelio
425 1315 499 1372 vicit.
537 1318 564 1369 o.
585 1313 670 1368 liuius
682 1312 805 1368 uictoriae
813 1311 857 1369 vel

61 1388 176 1445 muima
188 1387 240 1444 fuit
253 1388 326 1455 laus,
340 1389 427 1462 quod,
442 1406 529 1462 quum
542 1387 663 1461 plerique
676 1404 710 1442 ex
719 1385 782 1463 luga
790 1404 818 1442 se
827 1386 856 1443 in

61 1470 109 1519 tem
138 1480 188 1519 um
196 1464 331 1520 Umervae
338 1463 523 1529 oonieoisaent,
538 1469 760 1536 quaerereturque
771 1461 805 1517 ab
815 1478 855 1527 eo,

96 1538 104 1551 ⁰
135 1538 182 1593 laia
195 1536 253 1593 lieri
265 1536 357 1604 vellet,
375 1537 425 1593 etsi
439 1537 540 1611 aliquot
552 1536 664 1593 vulnera
682 1544 814 1610 aooeperat
827 1552 858 1593 eo

62 1611 164 1683 proelio,
176 1618 203 1668 et
211 1611 294 1668 iratus
302 1610 442 1668 uidebatur
450 1612 638 1686 omnibus‚qui
648 1612 775 1668 adversus
785 1628 859 1667 arma

62 1686 185 1754 ummo,
200 1693 288 1742 tamen
298 1686 419 1742 antetulit
427 1686 481 1742 irae
494 1686 662 1763 religionem,
678 1694 704 1742 et
717 1704 761 1742 eos
775 1686 859 1741 vetuit

62 1760 162 1818 violari.
200 1762 228 1816 ’1.
248 1763 341 1834 Neque
349 1761 567 1818 verohoosolum
577 1762 605 1816 in
615 1761 724 1817 Graecia
737 1760 810 1825 feeit,
827 1766 860 1814 ut

62 1833 276 1909 templadeorum
286 1844 375 1891 saneta
389 1836 509 1904 haberet3
529 1835 668 1890 sedetiam
682 1834 755 1907 apud
762 1834 859 1891 barba·

61 1926 100 1967 ιω
111 1926 221 1967 namma
234 1908 361 1984 religione
373 1911 463 1965 omnia
476 1908 616 1965 simulaera
629 1926 741 1981 arasque
754 1926 859 1964 oonser-

61 1985 140 2041 nait.
180 1988 207 2039 8.
227 1986 319 2057 ltaque
330 1984 508 2057 praedioabat‚
523 1984 615 2038 mirari
629 2000 671 2048 se,
687 2000 741 2039 non
753 1982 859 2039 saerile-

60 2076 154 2132 garum
164 2076 276 2114 numero
284 2059 389 2124 haberi,
400 2059 449 2131 qui
459 2056 625 2131 supplicibus
633 2057 743 2113 deorum
752 2057 859 2114 noouis-

60 2141 129 2220 εφη
150 2140 197 2189 aut
206 2150 260 2189 nou
268 2134 435 2221 graviopihus
445 2133 537 2220 poenis
547 2131 629 2198 allici,
645 2132 694 2205 qui
703 2132 859 2207 religionem

60 2214 220 2339 mmloellnoll
228 2205 599 2355 qpoarprqeppulppqplpptlpa'rpnffltt.
609 2298 688 2337 omne
696 2279 798 2336 bellum
808 2277 860 2333 oir-

59 2368 88 2413 ot
96 2356 265 2423 Corinthum,
277 2356 389 2430 ideoque
397 2357 564 2414 Corinthium
573 2363 613 2412 est
621 2355 793 2428 appellatum.
830 2354 858 2409 2.

59 2428 107 2487 llio
117 2448 206 2505 quum
219 2448 274 2487 una
287 2449 378 2507 pugna
391 2432 481 2489 deoem
494 2431 580 2487 millia
591 2431 722 2494 hostium,
738 2424 860 2503 Agesilao

59 2504 134 2572 duee,
149 2505 313 2573 eeoidissent‚
328 2506 557 2580 eoquefaotoopea
566 2504 776 2562 adversariorum
785 2498 861 2555 debi-

59 2576 146 2637 litatae
156 2580 321 2637 viderentur:
341 2590 443 2638 tantum
455 2580 539 2637 abierit
552 2581 586 2637 ab
598 2575 738 2635 insolentia
750 2574 858 2651 gloriae,

59 2656 298 2715 utoammiseratus
307 2657 343 2716 sit
349 2655 486 2714 iortamam·
493 2654 624 2721 Graeciae,
635 2649 709 2726 quod
717 2657 772 2707 tam
780 2647 860 2707 multi
