1896 3292
227 433 260 490 V.
281 433 414 491 CIMON.
434 432 517 491 CAP.
537 433 660 492 111.1v.
808 439 840 493 2³

46 560 78 601 ex
87 541 225 599 manubiis
233 543 395 599 Athenarum
404 560 467 610 arx,
483 559 538 616 qua
551 542 585 599 ad
597 541 734 600 meridiem
746 545 839 617 vergit,

46 626 85 675 est
97 624 199 672 ornata.

101 693 150 747 111.
169 691 273 758 Quibus
286 691 365 747 rebus
378 708 464 765 quum
479 709 551 747 unus
564 692 593 747 in
607 691 711 748 civitate
727 691 843 748 maxime

46 765 156 831 floreret,
164 765 257 821 incidit
265 766 292 820 in
302 766 412 822 eandem
422 766 595 832 invidiamin
605 784 687 838 quam
696 773 768 838 pater
776 784 842 822 suus

47 841 177 912 ceterique
186 839 385 895 Atheniensium
394 841 535 913 principes.
573 842 641 896 Nam
650 848 775 896 testarum
787 840 843 896 sus-

46 914 153 989 fragiis,
168 915 240 989 quod
250 914 288 969 illi
299 914 476 991 ὀστρακισμὸν
491 923 597 984 vocant,
612 916 700 970 deoem
713 933 842 971 annorum

47 989 140 1046 exsilio
151 988 275 1044 multatus
288 997 336 1045 est.
374 993 402 1047 2.
423 990 505 1045 Cuius
514 989 573 1045 facti
582 990 692 1045 eelerius
700 989 843 1045 Athenien-

47 1082 97 1131 ses,
110 1081 192 1136 quam
202 1065 303 1136 ipsum,
315 1065 451 1136 poenituit.
490 1066 557 1120 Nam
567 1082 653 1136 quum
664 1064 707 1119 ille
716 1064 775 1119 forti
785 1064 842 1119 ani-

47 1156 90 1195 mo
108 1138 224 1194 invidiae
241 1139 403 1213 ingratorum
421 1139 520 1195 oivium
539 1139 670 1205 cessisset,
689 1138 843 1212 bellumque

47 1203 243 1269 Laeedaemonii
253 1214 457 1268 Atheniensibus
466 1214 635 1283 indixissent3
650 1213 784 1269 confestim
795 1231 843 1269 no-

48 1295 86 1343 tae
95 1286 154 1343 eius
165 1289 268 1343 virtutis
278 1288 437 1345 desiderium
447 1296 614 1345 oonseeutum
624 1296 671 1344 est.
706 1292 731 1344 3.
752 1291 842 1361 Itaque

47 1369 105 1435 post
118 1379 220 1427 annum
229 1363 368 1434 quintum,
384 1380 465 1435 quam
474 1362 600 1434 expulsus
610 1370 676 1428 erat,
694 1363 721 1417 in
731 1363 842 1434 patriam

10 1482 14 1501 ,
47 1443 185 1493 revocatus
198 1443 246 1491 est.
283 1435 343 1502 Ille,
363 1437 435 1508 quod
454 1437 566 1508 hospitio
579 1436 842 1493 Lacedaemoniorum

10 1516 13 1521 '
47 1510 185 1575 uebatur,
200 1511 282 1565 satius
295 1510 463 1576 existimans,
481 1528 525 1565 eos
539 1517 564 1565 et
576 1510 647 1565 oives
660 1528 722 1565 euos
736 1510 802 1566 inter
815 1527 843 1567 se

47 1603 101 1645 nnn
113 1583 245 1640 voluntate
257 1585 413 1650 consentire,
428 1602 510 1657 quam
520 1584 600 1639 armis
614 1584 779 1650 oontendere,
792 1587 844 1639 La-

48 1661 232 1717 eedaemonem
245 1677 293 1714 sua
306 1667 397 1732 sponte
408 1668 447 1715 est
460 1659 603 1731 proiectus.
619 1675 763 1732 paoemque
776 1659 844 1715 inter

48 1734 115 1793 tuas
124 1733 319 1805 potentissimae
327 1734 443 1791 civitates
452 1734 592 1791 eonciliavi
638 1737 663 1792 1.
678 1736 746 1801 Post,
757 1752 843 1807 nsque

49 1808 81 1867 its
99 1807 200 1875 multo,
220 1808 338 1883 Cyprum
355 1826 416 1866 cum
435 1809 554 1865 ducentis
571 1828 593 1864 n·
636 1812 685 1866 hus
704 1809 843 1882 imperator

49 1884 161 1949 missus,
178 1901 263 1955 quum
272 1883 329 1939 eius
338 1884 462 1940 maiorem
472 1893 571 1956 partem
581 1883 683 1940 insulae
695 1884 840 1950 devicisset,

50 1958 210 2017 hmorhum
220 1958 372 2031 implicitus,
384 1959 413 2015 in
422 1959 517 2031 oppido
527 1959 594 2016 Citio
603 1967 641 2014 est
650 1967 780 2015 mortuus.

65 2054 69 2065 ·
100 2033 138 2091 IV
141 2072 148 2088 .
168 2033 245 2088 lluno
256 2032 426 2090 Athenienses
440 2051 493 2091 uou
507 2033 594 2089 solum
610 2034 638 2088 in
656 2033 739 2099 bello,
758 2033 843 2089 sedet

51 2106 163 2181 inpaoe,
180 2106 228 2162 diu
237 2106 458 2164 desideraverunt.
495 2109 558 2164 Fuit
568 2109 639 2163 enim
649 2115 718 2164 tanta
729 2108 844 2164 liberali-

51 2188 112 2249 aas,
126 2199 214 2255 quum
227 2181 407 2255 compluribus
420 2182 483 2238 loeis
492 2182 597 2255 praedis
610 2182 751 2256 hortosque
763 2184 843 2240 hahe-

51 2264 132 2324 ret,ut
139 2274 280 2329 nunquam
289 2257 318 2312 in
327 2257 365 2313 eis
374 2257 507 2313 oustodem
517 2257 671 2330 imposuerit
678 2257 778 2314 fructus
789 2277 843 2314 ser-

52 2330 129 2389 vandi
137 2333 236 2406 gratia,
252 2349 285 2387 ne
294 2332 356 2405 quis
365 2332 549 2404 impediretur,
565 2349 619 2406 quo
631 2333 721 2389 minus
735 2333 792 2390 eius
803 2351 844 2389 re-

52 2404 110 2473 bus,
120 2406 222 2479 quibus
231 2407 346 2480 quisque
354 2406 440 2473 vellet,
451 2406 590 2464 frueretur.
618 2411 645 2466 2.
665 2408 773 2481 Semper
780 2426 843 2464 eum

52 2480 187 2554 pedisequi
196 2498 257 2536 oum
267 2482 386 2538 nummis
395 2490 458 2537 sunt
466 2483 557 2549 seeuti,
569 2490 608 2550 ut,
614 2483 638 2538 si
647 2485 709 2556 quis
718 2485 776 2556 opis
785 2484 843 2537 eius

53 2555 191 2630 indigeret,
203 2556 321 2622 haberet,
331 2557 404 2630 quod
412 2558 500 2612 statim
508 2558 592 2624 daret,
607 2576 641 2614 ne
650 2558 791 2614 differendo
802 2555 844 2608 vi-

53 2628 153 2687 duetur
167 2648 272 2705 negare.
310 2631 403 2704 Saepe,
419 2651 504 2706 quum
519 2633 635 2706 aliquem
647 2634 776 2689 offensum
791 2627 844 2683 ior·

54 2711 114 2761 mnu
126 2705 227 2762 videret
237 2706 327 2761 minus
336 2707 402 2762 bene
413 2708 543 2774 vestitum,
554 2726 634 2763 suum
644 2705 789 2763 amiculum
798 2702 844 2757 de-

54 2778 98 2835 dit
136 2785 164 2837 3.
183 2779 304 2848 Quotidie
312 2782 352 2836 sio
361 2799 440 2838 onena
448 2783 472 2837 ei
482 2783 655 2855 sequebatur,
671 2788 714 2844 ut,
725 2794 793 2849 quos
802 2777 844 2832 in-

55 2862 153 2913 tooetos
167 2855 275 2911 vidisset
288 2857 317 2912 in
330 2855 399 2923 foro,
414 2875 505 2914 omnes
513 2857 662 2912 devocaret:
682 2850 754 2925 quod
763 2850 845 2909 iacere

58 2928 156 2987 nulum
171 2929 241 2987 diem
254 2933 480 3005 praetermittebat.
518 2930 594 2988 Nuiii
607 2928 676 2985 hdes
687 2927 766 2994 eius,
781 2927 859 2983 nuth
